3067 5075
243 1306 277 1406 l.
335 1307 408 1406 Do
449 1309 675 1437 Appiano
713 1306 948 1407 Herodoti
985 1305 1238 1404 imitatore.

208 1763 374 1850 Appianas
391 1763 626 1829 Alexandrinus
650 1764 694 1829 eis
717 1762 911 1850 temporibus
934 1761 994 1825 luit
1010 1760 1123 1847 quibus
1139 1783 1230 1824 nemo
1246 1758 1378 1845 scriptor

101 1849 182 1935 boire
205 1869 362 1936 scribendi
386 1851 510 1934 landem
534 1894 658 1957 sperare
681 1878 803 1957 poterat
827 1868 912 1955 quin.
938 1866 1080 1953 quamvis
1110 1891 1166 1931 sno
1200 1866 1299 1952 ipsius
1331 1865 1376 1929 in-

100 1976 195 2062 genio
218 1977 398 2053 confideret,
423 1977 562 2041 studium
587 1985 618 2041 et
642 2000 765 2063 oporam
791 1976 822 2038 in
857 2000 893 2039 eo
929 1975 1112 2039 collocasset
1146 1983 1181 2039 ut
1213 1982 1376 2038 auctorum

100 2091 243 2150 votorum
266 2087 297 2148 in
321 2107 376 2149 suo
401 2083 557 2148 scribendi
580 2109 694 2170 genere
717 2083 894 2170 principum
926 2081 1136 2146 elocutionem
1161 2089 1255 2167 atque
1279 2088 1377 2145 artem

101 2194 198 2279 probe
233 2200 433 2277 cognosceret
467 2203 561 2277 atque
591 2192 706 2256 tectius
729 2191 905 2277 apertinsro
929 2193 1113 2259 imitaretur.
1173 2189 1277 2273 Quum
1311 2212 1378 2252 rem

74 2287 77 2292 .
101 2307 139 2363 ut
161 2298 291 2363 minime
315 2299 416 2363 oelare
440 2298 617 2373 studebant,
642 2295 687 2361 ite
709 2320 749 2360 no
772 2305 917 2382 poterant
940 2299 1086 2383 quidem,
1123 2320 1195 2361 oum
1225 2297 1379 2360 haberent

104 2405 244 2470 conscios
267 2405 325 2469 illa
346 2411 450 2469 aetate
474 2404 562 2489 quusi
585 2404 709 2490 penitus
726 2403 864 2468 litterata
888 2413 934 2469 tot
956 2406 1099 2470 homines
1123 2404 1260 2469 eruditos
1284 2404 1338 2490 qni
1362 2427 1380 2466 a

104 2514 211 2601 pneris
232 2512 347 2579 eisdem
359 2511 631 2599 grammaticorum
646 2520 678 2577 et
695 2513 854 2578 rhetorum
877 2516 992 2580 solrolis
1005 2524 1036 2582 et
1048 2511 1222 2603 disciplinis
1243 2510 1380 2576 instituti

104 2620 224 2685 eisdem
247 2620 359 2685 studiis
381 2628 413 2684 et
436 2620 550 2685 litteris
573 2620 723 2684 tererent.
763 2620 866 2684 Immo
890 2626 1039 2709 optabant
1064 2632 1099 2689 nt
1121 2624 1260 2710 ipsorum
1289 2642 1382 2705 opera

103 2736 138 2792 ot
175 2727 316 2792 doctrina
353 2752 372 2792 a
410 2727 579 2792 lectoribus
617 2728 748 2794 eruditis
787 2739 1038 2815 agnoscerentur.
1127 2730 1209 2794 Nam
1248 2727 1298 2792 his
1333 2725 1381 2789 illi

103 2834 307 2922 plaudebant.
354 2834 468 2920 Itaque
502 2832 649 2899 iniustius
684 2858 750 2900 esse
785 2836 865 2900 nihil
898 2845 1001 2923 potest
1033 2862 1126 2924 quam
1161 2837 1188 2902 si
1211 2836 1281 2922 quis
1304 2835 1382 2900 tales

104 2940 299 3006 imitationes
321 2940 406 3006 furto
429 2941 587 3028 appellare
610 2942 709 3019 malit,
735 2945 818 3029 quod
843 2943 938 3007 simili
962 2944 993 3008 in
1018 2969 1051 3009 re
1075 2944 1150 3008 olim
1174 2942 1309 3008 Fulvius
1324 2942 1382 3007 Ur·

107 3047 198 3112 sinus'
218 3046 302 3123 feeit,
321 3071 391 3111 eum
409 3046 523 3112 librum
548 3047 578 3110 in
604 3071 696 3133 quem
713 3049 849 3133 l'ergilii
873 3050 1064 3115 imitationes
1088 3049 1223 3114 maxime
1239 3046 1382 3113 Homeri·

106 3179 159 3219 eas
183 3165 388 3235 congesserat,
413 3155 452 3218 dc
480 3154 589 3218 »furtis
607 3155 760 3240 Vergilii«
789 3156 973 3221 inscriberet
995 3157 1080 3221 lrand
1104 3166 1230 3221 secutus
1253 3155 1383 3241 aequius

107 3260 261 3325 indicium
285 3261 439 3325 Macrobii
475 3272 568 3347 atque
604 3285 709 3326 ertrnnr
739 3262 817 3347 (Sat.
843 3264 933 3349 ll').
981 3263 1063 3328 Num
1100 3271 1131 3328 et
1154 3263 1315 3349 Vergilius
1349 3262 1381 3326 irl

105 3366 259 3456 spectavit
275 3375 310 3432 ut
326 3368 355 3431 ei
374 3367 507 3432 ltornani
526 3368 578 3454 qui
595 3369 714 3449 ginceis
730 3370 844 3434 litteris
861 3370 974 3435 imbuti
1000 3378 1102 3435 essent
1116 3410 1152 3416 -*
1173 3378 1267 3456 atque
1290 3369 1382 3433 multi

108 3484 199 3542 erant
273 3476 512 3553 delectarentur,
531 3500 601 3540 eum
619 3477 735 3541 multos
751 3477 835 3541 locos
852 3477 1037 3541 Homericos
1050 3477 1155 3541 latinis
1171 3479 1310 3542 versibus
1334 3501 1379 3540 ex-

107 3605 229 3670 pressos
253 3583 336 3668 apud
358 3589 483 3669 poetam
505 3607 596 3647 suurn
621 3584 710 3669 qnasi
737 3585 871 3648 alterurn
897 3586 1069 3647 Homerum
1104 3599 1317 3668 agnoscerent,
1353 3592 1384 3649 et

107 3688 287 3776 posterioris
311 3689 422 3753 aetatis
445 3689 609 3776 scriptores
632 3690 736 3773 graeci
760 3691 792 3755 io
817 3691 1014 3767 studuerunt,
1041 3700 1076 3755 nt
1099 3700 1240 3755 auctores
1264 3697 1383 3755 veteres

108 3822 202 3884 saepe
237 3795 389 3861 inritando
425 3797 635 3883 exprimerent
669 3805 763 3883 atque
799 3798 968 3862 lectoribus
992 3798 1092 3861 doctis
1121 3820 1178 3861 sna
1200 3797 1256 3860 illa
1279 3796 1383 3861 studia

108 3906 287 3991 punbnrent.

216 4010 378 4097 Imprimis
402 4036 474 4073 vero
491 4011 727 4097 ascriptoribus
750 4020 825 4077 tnnc
842 4014 1069 4099 postulabatur,
1095 4025 1129 4075 ut
1154 4011 1248 4076 nttice
1271 4010 1382 4075 scribe·

107 4126 180 4184 rent
190 4117 299 4181 —-rrisi
312 4117 445 4182 ionicam
462 4118 629 4183 dialectum
644 4119 706 4182 ianr
722 4117 843 4204 prirlern
857 4126 1012 4183 mortuam
1027 4117 1163 4182 rmcitare
1173 4119 1382 4183 malebant—-

110 4232 143 4291 et
165 4225 375 4290 elocutionem
399 4248 417 4289 a
439 4224 563 4310 vulgari
586 4248 739 4301 sermone,
765 4225 867 4310 quoad
892 4225 959 4288 eius
994 4224 1061 4287 lieri
1096 4235 1208 4311 posset,
1233 4234 1383 4289 remotam

109 4332 315 4396 informarent
339 4332 378 4395 ad
401 4331 471 4418 puri
495 4331 642 4396 atticismi
667 4332 867 4415 elegantiam,
893 4331 993 4416 qualis
1017 4330 1049 4394 in
1073 4332 1161 4395 libris
1178 4331 1382 4416 Tlrueyrlirlis,

112 4438 263 4515 Platonis,
288 4436 513 4502 llemostlrenis
537 4437 764 4502 inveniebatur.
814 4437 873 4500 Cui
905 4438 1009 4501 strutio
1033 4438 1251 4513 enrrrrrnatieos
1276 4436 1384 4500 lexicis

110 4554 143 4610 et
165 4546 241 4610 artis
264 4546 358 4610 attice
382 4544 537 4607 scribendi
555 4545 786 4609 commentariis
802 4544 982 4607 subvenisse
1005 4556 1146 4630 apertum
1171 4543 1384 4607 testimonium

1159 4655 1170 4700 l
