3067 5075
569 270 789 333 „15-

56 469 162 534 multae
184 490 242 532 nee
264 467 347 555 paris
370 464 521 532 momenti
543 488 661 543 omnes,
686 464 740 528 sed
770 469 801 528 et
832 464 937 550 plures
968 469 999 528 et
1027 464 1186 549 graviores
1221 487 1314 550 quam

56 599 122 661 quae
144 575 229 663 apud
253 573 439 640 Pausaniam
462 578 517 637 aut
540 571 712 635 Arriauum
735 577 878 657 repertae
901 570 972 635 sint.

148 683 236 747 Bene
266 681 363 769 igitur
399 682 503 745 habet.
564 679 653 748 laeta
694 684 769 742 suut
797 677 1003 743 fundamenta
1035 678 1315 763 argumentationis

53 795 136 875 atque
170 813 207 854 ea
238 812 318 875 quae
353 785 603 862 contradicendo,
640 784 727 869 quasi
763 785 841 849 talia
874 785 960 849 casui
991 792 1024 851 et
1052 785 1197 851 fortunae.
1224 788 1315 852 debe·

52 902 143 972 antur,
161 895 279 960 destrui
302 896 366 960 inm
390 919 453 959 non
476 893 605 981 possint.
632 893 746 979 Itaque
770 891 832 957 iarn
857 892 1065 960 confidentius
1087 893 1162 958 lieet
1185 918 1315 980 pergere

52 1001 77 1065 in
98 1003 315 1090 protrahendis
339 1001 575 1066 imitationibus.
603 1029 609 1038 ¹

146 1109 319 1176 Videamus
336 1132 418 1174 nuno
442 1109 481 1173 de
513 1132 549 1173 eu
568 1132 648 1194 qnae
665 1133 704 1173 ex
719 1112 786 1174 toto
801 1108 956 1173 scribendi
973 1132 1087 1192 genere
1110 1110 1233 1174 elueent
1247 1108 1315 1173 imi·

49 1219 168 1283 tatione.
204 1217 312 1302 Atque
339 1240 409 1280 oum
433 1238 526 1302 supra
549 1213 614 1302 (pg.
628 1216 646 1279 8
660 1217 722 1302 sq.)
749 1239 844 1279 unam
860 1215 996 1303 Appiani
1012 1215 1183 1280 orationem
1200 1216 1233 1280 in
1256 1217 1316 1279 siu·

49 1327 115 1409 gula
139 1324 208 1390 cola
231 1323 417 1401 dirimerem,
435 1322 467 1387 in
491 1322 548 1387 illa
570 1322 740 1388 monstravi
757 1330 949 1410 quantopere
972 1323 1080 1388 stilum
1098 1324 1314 1389 Herodoteum

46 1441 164 1497 secutus
186 1430 236 1510 sit,
262 1454 355 1516 quam
388 1429 522 1494 libenter
551 1435 639 1509 λε’ξιιι
672 1439 838 1519 εἰρομένην
865 1430 1071 1518 usurpaverit.
1120 1431 1210 1515 Quae
1239 1430 1314 1516 quid

46 1538 79 1603 sit
107 1562 213 1624 neque
242 1538 342 1606 uerbis
375 1562 530 1625 exponere
558 1562 659 1623 neque
692 1538 844 1624 exemplis
875 1540 1005 1625 probare
1037 1561 1115 1625 opus
1139 1544 1195 1602 est.
1242 1537 1315 1602 Hae

46 1660 143 1711 autom
167 1645 199 1709 in
234 1669 267 1709 re
302 1645 475 1721 cavendum
508 1651 564 1724 est,
597 1668 637 1709 ne
666 1643 898 1731 promptissima
926 1667 1068 1730 quaeque
1098 1668 1154 1731 pro
1185 1643 1316 1710 imitatis

46 1752 217 1819 habeamus.
243 1752 327 1820 Nam
351 1750 377 1816 si
401 1751 463 1816 duo
486 1751 651 1838 scriptores
679 1751 711 1816 id
736 1759 843 1837 agunt,
872 1759 908 1817 ut
931 1775 980 1815 res
1003 1757 1106 1836 gestas
1129 1750 1315 1838 simpliciter

50 1869 76 1924 et
98 1860 193 1947 plane
215 1866 351 1935 narrent,
369 1857 437 1924 fieri
452 1881 514 1921 non
537 1864 641 1945 potest
664 1857 740 1945 quin
763 1864 848 1937 λε’ξει
864 1867 1009 1956 εἰρομένῃ
1026 1857 1075 1923 usi
1098 1858 1194 1923 multa
1220 1857 1314 1922 simili

48 1968 134 2031 modo
159 1973 295 2044 narrent,
320 1989 391 2032 curn
407 1966 487 2030 alter
509 1965 600 2030 alteri
625 1965 704 2030 nihil
728 1974 868 2030 autnon
892 1967 1028 2032 multum
1051 1966 1174 2030 dehent.
1199 1965 1314 2050 Itaque

43 2097 116 2157 quae
140 2072 234 2137 huius
257 2070 379 2158 generis
402 2071 550 2136 ridentur
573 2094 648 2149 esso,
674 2096 731 2156 ego
764 2096 827 2136 nou
859 2073 996 2148 afferam,
1026 2072 1087 2136 uisi
1123 2070 1196 2136 inde
1231 2071 1314 2157 quod

44 2179 287 2267 frequentissime
311 2180 394 2267 apud
417 2186 586 2266 utrumque
610 2189 786 2254 aecurrunt,
811 2179 1049 2245 similitudinem
1068 2203 1129 2244 non
1154 2178 1315 2244 fortuitam

42 2310 102 2353 esse
127 2286 278 2374 suspicari
301 2287 383 2354 lieet.
409 2288 491 2351 Nam
516 2287 577 2351 uisi
600 2286 792 2372 gravissimis
815 2287 1007 2373 argumentis
1029 2288 1081 2351 via
1104 2286 1168 2350 iam
1192 2286 1314 2351 munita

41 2401 127 2472 esset,
151 2394 184 2457 in
207 2393 323 2460 talibus
346 2393 457 2460 similis
480 2393 546 2460 stili
569 2393 755 2459 testimoniis
771 2395 860 2459 nulla
882 2394 1092 2480 persuadendi
1116 2392 1163 2458 ris
1188 2392 1311 2459 inesset.

44 2500 135 2568 Nune
158 2524 231 2567 vero
255 2500 350 2569 etiam
374 2503 450 2566 haee
474 2499 592 2567 leviora
615 2500 758 2566 adhiberi
781 2508 920 2589 possunt,
946 2524 1026 2588 quae
1048 2524 1168 2567 memor
1191 2500 1314 2567 Cicero-

42 2608 125 2674 niani
148 2607 235 2673 illius
257 2608 419 2695 praesepti
443 2607 525 2672 inter
546 2606 690 2694 graviora
712 2607 887 2673 inculcabo.

143 2715 253 2801 Atque
276 2715 309 2778 in
333 2713 536 2780 adnectendis
559 2714 724 2779 sententiis
748 2739 818 2780 eum
847 2714 1033 2802 praecipuus
1057 2723 1088 2781 et
1111 2715 1216 2779 varius
1239 2740 1314 2780 usus

42 2822 78 2889 sit
114 2822 339 2910 particularum
375 2830 435 2908 pie
463 2859 507 2867 -
535 2824 579 2893 δι’,
610 2822 770 2907 complura
801 2821 878 2886 mihi
910 2846 1025 2907 genera
1052 2823 1092 2887 ad
1114 2823 1313 2892 Herodotum

41 2930 185 2994 ridentur
208 2952 274 2994 esse
297 2927 469 3005 referenda,
485 2951 617 3013 quorum
639 2951 738 2991 unum
762 2934 809 2993 est
832 2928 1091 3016 anaphorioa
1113 2929 1314 3016 emphasis

41 3061 132 3123 quam
155 3035 301 3100 nonnulli
324 3041 444 3101 n'oeant.
502 3034 600 3100 Cuius
624 3035 671 3100 vis
694 3035 724 3100 in
750 3059 787 3101 eo
810 3036 912 3123 posita
935 3042 1040 3105 estut
1063 3061 1126 3103 una
1149 3062 1209 3102 vox
1248 3038 1314 3104 sive

42 3145 170 3208 verbum
194 3142 259 3207 sive
283 3166 396 3207 nomen
418 3141 463 3208 ita
486 3141 533 3206 his
557 3141 622 3228 (rel
646 3142 703 3230 ter)
729 3151 872 3230 ponatur,
904 3150 939 3208 nt
969 3144 1106 3231 primum
1138 3168 1210 3210 enm
1240 3159 1308 3232 pree.

44 3250 157 3316 deiude
181 3272 252 3314 eum
277 3253 310 3317 dr*
335 3254 416 3329 (turn
448 3248 561 3315 iterum
593 3262 664 3314 euni
694 3252 744 3337 dl)
775 3250 991 3335 coniungatur.
1038 3251 1136 3317 Hunc
1166 3276 1257 3316 usum
1287 3253 1312 3316 si

38 3357 149 3422 horum
172 3356 356 3444 scriptorum
380 3357 539 3444 proprium
563 3381 629 3422 esse
653 3356 800 3433 dicerem,
825 3357 968 3423 inscitiae
990 3383 1172 3444 graecarum
1195 3359 1312 3425 littera-

37 3489 104 3529 rum
130 3464 241 3529 nunilo
266 3487 449 3549 coarguerer
464 3503 508 3511 -
523 3472 570 3529 est
592 3464 675 3529 enim
701 3465 796 3551 etiam
812 3465 1018 3551 Thucydidis,
1035 3466 1187 3543 Platonis,
1206 3467 1311 3531 Xeno·

36 3570 173 3658 phontis
198 3570 340 3651 aliorum,
358 3572 566 3637 recentiorum
591 3596 663 3637 vero
687 3596 787 3657 paene
810 3560 950 3638 omnium
970 3572 1154 3661 (Plutarchi,
1171 3573 1310 3644 Aeliani.

38 3676 177 3744 Lucinni
200 3679 275 3759 oet.)
290 3679 345 3744 sed
368 3678 466 3744 rarior
489 3702 581 3765 quam
599 3678 774 3759 Herodoti;
793 3703 863 3744 cum
888 3687 993 3746 autem
1017 3680 1110 3746 etiam
1134 3681 1217 3768 apud
1233 3682 1312 3746 Pau·

35 3785 157 3850 sanium
179 3784 271 3849 illum
294 3784 511 3850 Herodoteum
535 3784 804 3871 frequentissimus
838 3785 879 3852 sit
912 3786 964 3866 (of.
988 3787 1037 3852 Pf.
1063 3813 1091 3874 p.
1118 3789 1157 3852 21
1183 3795 1253 3875 sq),
1279 3788 1312 3852 id

36 3892 139 3980 ipsum
163 3916 213 3957 me
237 3891 405 3957 corninovit
428 3900 464 3956 ut
486 3891 613 3976 dignam
637 3893 784 3959 haberem
809 3892 1059 3973 similitudinem,
1077 3919 1157 3981 quae
1180 3919 1312 3959 nomme·

37 4006 222 4065 moraretur.
272 4000 427 4087 Exempla
450 3999 540 4063 uobis
563 4024 657 4087 snpra
679 4000 742 4065 ianr
767 4003 919 4066 nonnulla
942 4010 1164 4068 occurrerunt:
1200 4000 1313 4090 potede

35 4290 194 4357 σινιέιιε’χιίιι
214 4283 300 4338 adero
319 4286 362 4336 mci
386 4292 624 4356 σιίεερίβοιίο
652 4288 688 4337 al
717 4288 866 4351 ι’ῆες,..ε’ς
885 4286 1012 4352 (illatione
1030 4286 1222 4359 τινασσόμεναι,
1246 4286 1311 4355 βοή

35 4394 57 4425 ιε
78 4372 113 4439 ἠν
131 4372 328 4444 acroamate...
355 4373 587 4443 arreprrasindrrrov
605 4374 729 4440 ιῖλλήλοις
754 4378 789 4429 εἰ·
808 4375 989 4441 cinitone·
1008 4375 1050 4428 'od
1069 4376 1140 4447 γιὲρ
1160 4380 1211 4429 ml..
1232 4380 1265 4433 ef.
1286 4397 1311 4447 p.

38 4468 136 4527 renus
156 4482 231 4533 sqq:
255 4463 310 4515 οὔτε
330 4464 433 4517 εἰιιιιιιει
451 4470 564 4531 βεβαίως
583 4463 632 4517 lut
652 4463 819 4530 ‹lqdre'uc
838 4466 892 4516 σι’·ἰε
913 4464 1121 4521 vetranione
1146 4470 1198 4518 ἔτι
1223 4466 1310 4517 ‹irrr-

34 4572 50 4619 ιι
65 4559 79 4603 ε’
88 4572 174 4621 (ιειιι
197 4549 291 4603 d'nrri
301 4571 412 4621 μενοι
437 4552 493 4603 edre
520 4552 550 4604 ul
577 4551 746 4617 ,ιηόιὲλιιι
771 4558 872 4625 syourac
897 4553 1061 4619 ειῖιιειίεή
1082 4553 1308 4624 omophorum.
