3067 5075
729 287 772 294 --
818 247 860 313 54
906 286 948 294 --

310 444 375 510 Sed
407 443 569 509 abstinebo
602 442 752 530 exemplis
783 443 959 523 afferendis,
992 468 1065 509 nam
1093 444 1148 530 qui
1175 444 1309 509 nimium
1342 447 1470 532 probare

203 550 280 625 vult,
295 551 375 616 nihil
391 552 517 638 probat:
535 581 558 638 μ
571 563 590 618 ί
600 580 619 636 χ
632 580 649 641 ρ
662 582 672 616 ι
689 557 762 616 ante
775 575 841 616 voe.
859 550 939 616 sieut
952 565 1026 642 περὶ
1039 552 1272 638 concedatur.¹)
1288 551 1387 616 Nune
1403 574 1470 617 vero

203 682 304 746 panea
327 681 481 746 exponam
504 658 543 722 de
561 681 597 722 oa
619 656 740 723 ratione
763 657 869 723 hiatus
892 657 1022 736 minutii,
1041 682 1121 745 quae
1144 658 1177 723 in
1190 659 1365 725 mutatione
1392 682 1470 723 eesu·

203 788 257 828 um
280 772 334 829 aut
357 764 480 831 numeri
503 764 605 852 posita
629 771 685 830 est.
732 762 943 830 Conseruntur
966 765 1051 830 enim
1085 766 1211 844 162,13
1235 778 1291 834 καὶ
1322 775 1381 854 τῆς
1409 767 1471 833 ἐπι-

204 875 298 959 ούσης
321 875 491 951 ἐξέτασσεν
519 881 550 937 et
582 873 711 951 162,16
743 873 782 972 τῇ
815 875 842 941 ὅ
867 875 1000 972 ἐπιούσῃ
1025 881 1223 954 κατέβαινον
1246 872 1284 938 of.
1313 875 1409 953 1048,
1426 873 1470 937 14.

207 980 299 1056 1149,
311 981 341 1044 5.
388 979 429 1044 In
455 980 547 1044 verbo
570 1010 588 1048 κ
602 1009 617 1046 ε
629 981 647 1043 λ
659 1008 674 1046 ε
687 982 706 1048 ύ
719 1007 734 1045 e
747 1010 758 1045 ι
772 1007 790 1047 ν
812 979 960 1044 struendo
983 979 1119 1067 praefert
1142 979 1309 1066 Appianus
1332 979 1470 1044 dativum

204 1110 308 1150 ussum
333 1085 470 1152 maxime
493 1087 519 1151 si
542 1085 569 1152 is
592 1086 644 1151 eui
665 1086 837 1173 imperatur
860 1086 989 1174 aliquid,
1013 1110 1159 1174 praesens
1182 1087 1272 1152 adest
1294 1093 1349 1152 aut
1378 1086 1408 1151 si
1436 1087 1471 1151 ab

202 1192 359 1259 infinitivo
383 1194 463 1259 alter
485 1193 681 1259 aecusativus
704 1216 854 1280 personae
877 1193 1003 1282 pendet.
1040 1193 1161 1258 Tamen
1185 1191 1399 1258 aecusativum
1422 1216 1471 1282 po·

204 1299 251 1365 uit
273 1306 346 1365 ante
369 1301 519 1378 voeulern,
544 1300 632 1365 velut
655 1302 729 1379 616,
743 1301 774 1365 5.
800 1301 915 1380 601,4.

309 1407 434 1473 Deinde
458 1407 557 1473 variat
579 1407 662 1473 inter
684 1412 834 1495 πολέμου,
853 1410 945 1500 ἔργον
969 1414 1000 1475 et
1023 1413 1181 1496 πολέμων,
1207 1409 1324 1498 ἔργων.-
1341 1409 1418 1487 468,
1432 1409 1472 1473 25
1522 1419 1525 1442 ’

203 1516 309 1582 πολλοὶ
334 1524 394 1602 μὲν
418 1518 558 1599 ἐγίγνετο
585 1513 659 1601 [ἐπ’]
685 1514 845 1601 οἷμιηοῐνῗ)
868 1517 946 1606 ἔργα
971 1520 1121 1602 πολέμου,
1146 1530 1268 1598 γωνίαν
1293 1518 1343 1582 δὲ.
1360 1570 1388 1581 ..
1420 1514 1473 1579 sed

204 1623 277 1698 252,
292 1624 334 1686 22
362 1625 468 1690 πολλοὶ
502 1617 612 1702 αύτοῐς
643 1624 721 1713 ἔργα
754 1624 857 1707 πολίμ
873 1652 928 1691 ων
956 1626 988 1703 ἐς
1012 1625 1168 1709 ἀλλήλους
1198 1636 1351 1706 γίγνεται.
1399 1623 1472 1698 551,

206 1729 246 1792 14
271 1733 372 1798 εἶναι.
389 1783 417 1797 ..
448 1732 526 1820 ἔργα
551 1733 731 1815 πολέμων,
757 1723 820 1797 οἷν.
837 1782 865 1796 ..
889 1729 1070 1806 624,66’σα
1095 1730 1181 1796 ἄλλα
1198 1732 1371 1815 πολέμων
1396 1731 1473 1819 ἔργα

204 1875 246 1882 -
270 1838 321 1914 Π,
338 1837 378 1899 12
401 1845 502 1922 εἴχετο
526 1846 584 1905 τοῦ
606 1838 721 1926 ἔργον
744 1835 931 1927 προθύμως,
950 1837 1005 1903 sed
1023 1837 1127 1915 163,1
1145 1837 1230 1905 ὅταν
1253 1843 1289 1903 αἱ
1312 1838 1474 1922 φάλαγγες

204 1945 259 2032 ε’·’ργ
271 1974 295 2011 ω
308 1972 327 2012 ν
350 1945 495 2030 ἔχωνται.

308 2051 358 2115 Ad
381 2051 455 2129 252,
470 2052 512 2114 22
538 2050 644 2115 Mend.
669 2048 831 2137 proposuit
853 2051 931 2141 ἔργα
955 2055 1137 2138 πολέμου,
1164 2050 1219 2114 sed
1242 2049 1396 2116 refutatus
1429 2061 1475 2116 est

290 2156 353 2221 iam
376 2182 396 2222 a
418 2156 632 2222 Bitselrofskio
655 2156 825 2238 (Zeitsohr.
851 2157 872 2222 f.
898 2164 969 2223 bstr.
988 2156 1105 2243 Gymn.
1119 2153 1374 2240 minere)
1398 2156 1474 2222 loeis

292 2266 432 2343 551,14.
459 2266 566 2344 624,6
590 2265 704 2330 allatis.
730 2303 773 2311 -
789 2265 844 2330 Ad
871 2268 975 2345 163,1
1000 2266 1107 2331 Mend.
1133 2266 1295 2354 proposuit
1319 2265 1399 2353 (τοῦ)
1429 2267 1474 2354 iso·

292 2402 328 2455 70
343 2401 379 2452 ο,
405 2373 521 2437 Nauck
544 2378 618 2461 ραλ.
645 2375 856 2464 ίπίρχωνται.
882 2374 910 2436 Α
932 2380 1043 2438 neutro
1066 2373 1147 2437 ratio
1171 2380 1333 2461 perspecto
1357 2386 1414 2437 est.

309 2479 467 2549 Intere’v
502 2483 752 2572 α’πορρήτρι
782 2485 814 2546 et
845 2484 892 2549 ἐν
926 2473 1242 2571 οἷπορρήνοιςε
1276 2481 1383 2559 261,2
1430 2480 1475 2560 οἷς

201 2589 238 2655 ἐν
267 2588 439 2678 ἀπορρήτῳ
470 2585 637 2674 [ε’]λίλεκτο
673 2586 711 2652 us.
741 2589 857 2663 262,6.
893 2589 967 2665 901,
982 2589 1024 2652 20
1053 2589 1204 2681 αύτῷ...
1240 2591 1277 2657 ἐν
1300 2591 1473 2679 α’πορρύτῳ

310 2746 329 2814 1)
348 2749 477 2817 Polybius
497 2757 524 2803 et
544 2747 591 2802 elii
609 2747 689 2802 facile
708 2747 865 2803 vitaverant
882 2749 986 2804 hiatum
1005 2767 1065 2804 euru
1084 2755 1223 2820 μέχρις
1241 2751 1405 2811 scribebant,
1427 2750 1474 2804 seri

202 2836 236 2891 ab
254 2836 381 2905 Appiano
400 2838 465 2892 haee
482 2838 578 2905 fornia,
600 2853 668 2904 quae
688 2837 835 2891 identidem
854 2837 882 2891 in
901 2838 979 2892 libris
998 2838 1146 2906 iuvenitur,
1167 2838 1346 2893 abiudieanda
1362 2850 1412 2893 est.
1432 2838 1475 2893 Gt.
1524 2856 1525 2859 ¹

203 2927 356 2994 Schweigh.
377 2934 398 2982 t.
425 2925 471 2980 111
489 2943 515 2994 p.
541 2929 597 2980 112.
618 2925 669 2979 Pro
689 2926 889 2994 praepositione
907 2936 1036 2995 usurpata
1049 2945 1069 2996 μ
1080 2931 1094 2977 ε’
1098 2946 1165 2997 χρι
1183 2944 1242 2982 eun
1256 2927 1380 2995 genitivo
1393 2926 1476 2981 strui·

202 3025 249 3070 tur
267 3023 323 3074 aut,
345 3015 370 3070 si
388 3015 449 3070 finis
463 3015 571 3070 itineris
590 3015 711 3069 continui
731 3017 775 3070 vel
794 3016 914 3085 regionis
928 3017 1073 3084 indicatur,
1093 3022 1210 3087 μέχρι
1229 3017 1292 3068 iat
1310 3034 1332 3073 e.
1352 3034 1406 3072 aec.
1420 3017 1475 3070 Sed

203 3106 227 3161 si
245 3101 263 3155 ui
274 3101 316 3156 πὸ
335 3104 385 3172 (ἐκ)
403 3104 584 3173 praeeedit,
606 3106 691 3159 solum
711 3103 771 3155 ἐπὶ
789 3106 822 3159 ab
842 3106 968 3174 Appiano
988 3107 1052 3174 poni
1071 3108 1149 3161 solet.
1186 3106 1285 3174 Itaque
1311 3107 1402 3162 neseio
1423 3122 1476 3173 quo

205 3204 296 3250 errore
314 3195 461 3264 perductus
480 3194 578 3259 Krebs,
599 3192 642 3246 vir
668 3194 826 3260 ceteroquin
849 3195 882 3247 de
908 3195 1156 3263 praepositionibus
1189 3203 1219 3251 et
1242 3195 1379 3249 adverbiis
1409 3195 1478 3248 bene

203 3285 325 3341 meritus,
359 3283 530 3338 contenderit·
558 3286 615 3351 (ρει.
640 3283 702 3349 40>ι
734 3282 788 3337 »Es
814 3283 852 3337 ist
877 3281 1002 3353 Aufgabe
1030 3285 1078 3338 der
1100 3284 1272 3338 besonneueu
1295 3284 1401 3343 Kritik.
1422 3284 1476 3337 deu

204 3375 402 3429 lierrsuheuden
422 3372 662 3441 Spraebgebruueh
681 3388 716 3425 zu
735 3372 913 3440 οιλοῐεολωιι,Ι
927 3416 950 3426 ..
976 3389 1040 3440 ergo
1054 3372 1153 3442 (μέχρι)
1166 3373 1339 3427 inserendum
1358 3388 1416 3427 esse
1436 3371 1479 3425 iris

204 3464 232 3517 in
259 3463 364 3517 verbis:
385 3462 445 3529 Syr.
466 3465 498 3511 62
519 3462 557 3528 (p.
577 3462 638 3528 433,
651 3457 695 3529 26)
719 3454 782 3530 ἦρχε
801 3465 854 3511 τῶν
872 3457 924 3511 aad
950 3457 1087 3524 θαλάσσης
1105 3461 1118 3512 ε’
1127 3463 1164 3512 πὶ
1189 3458 1338 3531 Εύηρύτην
1359 3458 1476 3530 μόνων(

204 3557 244 3607 At
263 3552 356 3620 paucis
375 3562 438 3605 ante
466 3550 601 3618 capitibus
620 3549 722 3618 legitur
741 3566 766 3618 p.
787 3553 876 3616 426,2
896 3546 949 3600 ried
968 3547 1022 3620 γαρ
1040 3554 1162 3619 Φρυγίας
1180 3550 1193 3601 ε’
1202 3551 1240 3600 πὶ
1258 3546 1378 3619 ποταμὸν
1394 3545 1481 3599 Ἰνιλύν

205 3639 263 3691 ἄνω
282 3636 370 3691 πάντα
390 3634 510 3708 Σελεύκῳ
530 3635 679 3702 κατήκουεν.
700 3638 770 3692 Iteru
789 3642 851 3707 423,
864 3643 894 3690 21
917 3636 965 3689 ὅσα
985 3637 1052 3690 ἄλλα
1072 3634 1101 3691 ἐκ
1120 3635 1223 3702 Μηίων
1245 3638 1258 3690 ε’
1268 3641 1304 3690 πὶ
1329 3636 1375 3690 τὸν
1393 3635 1478 3700 ‘arra‘-

113 3752 116 3758 ’
205 3746 317 3780 σπονιον
336 3730 412 3792 ἔθνη.
451 3728 521 3782 Item
541 3731 630 3795 5624
656 3728 756 3796 λησιών
775 3746 798 3778 τε
818 3728 962 3798 ἐνεπίμπλη
984 3725 1029 3792 ιη’ν
1047 3726 1189 3778 θάλασσαν
1208 3726 1261 3779 cirri
1288 3729 1413 3784 Κιλικίας
1439 3727 1483 3778 ἐπὶ

204 3814 298 3881 στήλας
316 3814 496 3887 Ἡρακλείους,
533 3815 603 3871 item
631 3820 730 3874 5629.
756 3818 994 3881 612,18.835‚2,
1033 3817 1107 3872 Satis
1126 3817 1213 3886 igitur
1226 3834 1360 3886 superque
1379 3817 1482 3871 refuta·
1517 3822 1525 3875 t

205 3918 263 3963 tum
283 3915 324 3962 est
343 3909 409 3962 illud
429 3906 528 3977 Quippe)
548 3907 598 3961 ἐπί,
635 3907 737 3961 Eadem
761 3914 856 3960 auteur
876 3909 997 3974 exemplu
1022 3908 1214 3961 valenterium
1234 3909 1267 3961 ad
1287 3908 1352 3960 liaeo
1374 3905 1483 3960 urebsii

205 3999 289 4052 rerba
308 3999 335 4052 (l.
356 4000 373 4052 l.
392 4014 438 4066 pg.
459 3996 684 4063 39)1·efelleuda:
719 3994 907 4063 ›rinch-illyr.
929 4000 941 4046 1
963 3998 1072 4051 werden
1090 3996 1142 4050 wir
1166 3997 1215 4051 der
1230 3996 1376 4051 Wahrbeit
1397 3997 1483 4050 utilior

205 4088 336 4146 kormuen,
364 4104 445 4141 weuu
469 4086 520 4140 wir
543 4085 611 4152 (ἕως)
639 4086 680 4136 ἐπὶ
708 4082 829 4153 ποταμὸν
852 4083 950 4154 Ἴστρον
975 4086 1074 4141 lesem.
1101 4086 1136 4139 lll
1161 4089 1173 4136 1
1199 4086 1272 4153 (346,
1285 4086 1313 4150 3)
1339 4081 1484 4152 Ἰλλυριούς

203 4166 322 4238 ’Έλληνες
341 4173 468 4244 ἡγοῦνται
488 4172 548 4232 τούς
567 4171 652 4245 ὑπὲρ..
665 4218 669 4229 ,
683 4219 687 4228 ,
699 4171 811 4241 Θρηίκην
828 4172 883 4226 rimi
901 4171 1019 4226 Χαόνων
1037 4177 1080 4226 καὶ
1102 4178 1267 4246 Θεσπρωτῶν
1286 4174 1299 4227 ε’
1308 4176 1345 4226 πὶ
1364 4170 1486 4242 ποταμὸν

196 4270 287 4334 Ισιρον
305 4275 379 4319 recte
398 4265 501 4319 tradita
520 4270 591 4318 sunt.
631 4263 685 4317 Sed
721 4264 792 4329 quod
812 4263 907 4320 Mithr.
929 4266 960 4318 11
977 4266 1049 4330 (450,
1060 4265 1091 4331 4)
1110 4260 1280 4328 ἐλεηλάτησεν
1298 4264 1366 4332 (ἕως)
1384 4264 1425 4314 ἐπὶ
1438 4260 1484 4314 πό·
1523 4314 1524 4317 ,

213 4355 257 4404 λιν
265 4349 409 4424 Ἄμαστριν
427 4353 578 4422 proposuit,
595 4370 648 4406 non
668 4352 801 4420 refragor.
831 4351 882 4418 (ἐπὶ
901 4361 964 4421 post
982 4356 1100 4408 vocalem
1120 4358 1181 4413 369,
1196 4357 1229 4405 24
1249 4352 1406 4416 invenitur.)

322 4438 343 4510 ²)
364 4439 426 4509 [ἐπ’]
446 4441 548 4495 delevit
566 4440 676 4508 Μοιρὼ,
692 4440 763 4493 solus
783 4441 840 4494 cod.
855 4457 878 4496 a.
898 4442 998 4501 omisit,
1015 4444 1060 4497 sed
1073 4443 1113 4493 ἐπ’
1127 4440 1232 4512 ιῖμηοῐν
1246 4443 1366 4499 breuiter
1380 4443 1484 4497 dictum

214 4537 257 4586 est
274 4548 322 4601 pro
341 4530 383 4598 ἐφ’
403 4528 525 4598 ἑκατέρας
542 4525 643 4589 τάξεως,
