3067 5075
719 286 763 298 .-
807 249 850 316 26
895 286 939 298 ....

200 413 203 428 ι
1434 386 1448 420 0

193 443 360 538 ἐρασθείς.
376 500 383 514 .
398 500 404 511 .
417 440 456 512 of.
480 443 560 513 Hdt.
584 445 604 511 I
620 447 638 511 7
652 447 705 511 fin.
730 442 903 536 ἄρξαντες.
919 499 926 513 .
941 446 1030 514 ,ἔτεα
1047 456 1197 516 πένοιτο
1212 458 1268 515 καὶ
1291 475 1318 516 π
1332 471 1461 516 εντα·

192 550 351 632 κύσια,
391 573 504 636 παῖς
537 555 662 646 παραὶ
708 549 888 644 παιρύς
921 552 1241 638 ἐκδεκόμενος
1274 557 1356 641 τήν
1389 558 1462 641 ἄρ·

191 660 247 746 χῆ
259 688 296 740 ν,
322 658 360 725 cf.
386 658 514 726 Ι[166.
539 659 765 727 Adnotandnm
789 666 837 725 est
860 659 994 725 eandem
1016 660 1208 727 locutionem
1240 661 1335 726 etiam
1358 659 1463 726 Arria·

191 788 268 830 num
290 764 449 833 imitatum
472 790 547 845 esse,
572 790 644 833 oum
667 767 817 833 scriberet
839 766 892 834 VI
914 768 1002 846 29,1
1028 786 1106 849 παῖς
1135 770 1228 861 παρα
1260 765 1387 861 πατρός
1418 770 1461 835 ἐκ·

193 871 365 961 δεχόμενος
386 871 446 961 τήν
468 874 622 963 μαλακήν.
649 874 697 958 (01.
723 873 878 941 Grundm
903 899 953 963 pg.
971 875 1038 964 52).
1077 874 1220 963 Appiani
1241 881 1347 941 antem
1371 876 1463 940 verba

193 1003 230 1045 eo
253 979 403 1047 differunt
426 981 510 1068 qnod
533 983 767 1070 ἐκδεχόμενοι
796 981 929 1069 scripsit,
958 989 994 1048 ut
1017 983 1138 1049 solebat
1161 980 1247 1051 καοοῖ
1273 985 1399 1052 σύνεσιν
1422 1020 1463 1027 -

191 1109 264 1153 nam
279 1086 447 1155 lectionem
462 1093 578 1170 παῖδες
593 1087 736 1154 codicum
752 1112 780 1154 a.
799 1089 828 1153 b.
846 1088 1068 1176 interpolatam
1083 1112 1151 1155 esse
1173 1113 1265 1155 nemo
1289 1112 1353 1153 non
1378 1086 1463 1154 videt

191 1232 235 1241 -
257 1199 290 1260 et
312 1194 396 1283 qnod
428 1193 606 1284 explicandi
638 1217 732 1261 causa
765 1217 873 1260 vocem
897 1197 1009 1286 Σύρων
1042 1194 1195 1275 adiunxit,
1231 1218 1326 1282 qnam
1347 1194 1463 1260 Nauck

191 1323 255 1367 non
289 1308 375 1368 recte
416 1300 626 1391 suspectavit,
673 1325 744 1367 cnm
777 1299 1009 1390 perspicuitatis
1044 1325 1138 1368 causa
1160 1302 1328 1391 Appianas
1363 1302 1463 1367 multa

189 1431 282 1498 saepe
305 1408 434 1476 adderet
456 1433 536 1496 quae
558 1433 622 1475 non
644 1409 819 1477 necessaria
840 1415 952 1475 essent.
968 1410 994 1500 ¹)
1519 1395 1522 1410 ’

296 1515 380 1583 Sunt
404 1515 411 1530 ’
437 1515 499 1583 'tur
513 1517 590 1583 haec
614 1516 717 1605 cupita
731 1514 817 1604 (Syr.
834 1517 982 1604 56-65)
1004 1515 1120 1583 referta
1134 1515 1346 1582 locutionibus
1369 1521 1462 1602 atque

189 1621 354 1690 sententiis
376 1622 566 1690 Herodoteis
589 1647 669 1710 qnae
692 1622 841 1712 Appiano
864 1623 933 1713 ipsi,
947 1647 1009 1689 non
1033 1622 1101 1689 eins
1123 1623 1302 1690 auctoribus
1325 1622 1462 1689 tribuen·

189 1730 256 1815 dae,
271 1736 354 1811 sunt,
371 1753 443 1797 oum
465 1731 544 1798 tales
566 1729 758 1798 imitationes
780 1754 837 1818 per
868 1754 975 1798 omnes
1005 1729 1147 1820 Appiani
1176 1731 1273 1798 libros
1304 1729 1462 1817 dispersae

189 1837 400 1906 inveniantur.

295 1945 451 2032 Quoniam
474 1969 514 2012 ex
529 1945 674 2013 universa
695 1945 843 2012 narrandi
865 1943 1072 2011 similitudine
1088 1968 1169 2033 qnae
1190 1944 1274 2012 inter
1287 1946 1345 2011 hos
1369 1945 1461 2034 scrip-

187 2060 271 2134 tores
293 2052 477 2134 intercedat,
500 2053 647 2141 probasse
669 2053 748 2119 mihi
763 2053 879 2134 ,videor
903 2052 1087 2141 Appianum
1110 2052 1253 2141 quamvis
1283 2058 1315 2119 et
1349 2059 1463 2118 natura

188 2167 221 2228 et
242 2160 422 2250 aequalium
444 2183 530 2227 more
553 2160 593 2227 ad
616 2160 712 2226 talem
734 2159 892 2228 scribendi
921 2159 1075 2226 rationem
1104 2159 1326 2240 inclinavisset,
1357 2164 1470 2233 tamen,

188 2267 283 2336 etiam
304 2267 410 2335 studio
433 2273 465 2334 et
486 2292 581 2358 opera
614 2268 654 2333 ad
677 2268 879 2335 Herodotum
907 2292 941 2335 se
973 2266 1266 2346 accommodavisse,
1299 2266 1388 2333 cuius
1416 2266 1464 2332 rei

186 2374 370 2463 gravissima
392 2374 488 2442 etiarn
509 2375 703 2462 integrorum
725 2376 867 2442 locorum
888 2373 1068 2442 testimonia
1090 2373 1200 2456 attuli;
1225 2398 1309 2440 nnnc
1340 2373 1381 2439 ad
1409 2396 1463 2439 eas
1520 2459 1521 2464 ἵ

185 2480 377 2550 imitationes
407 2506 459 2549 me
491 2486 670 2550 convertam
704 2507 785 2571 qnae
813 2482 847 2549 in
877 2481 987 2550 ionicis
1029 2482 1253 2550 vocabulorum
1284 2480 1401 2562 formis,
1425 2480 1460 2547 in
1520 2481 1521 2502 ¹

185 2588 376 2656 Herodoteis
390 2589 555 2657 structuris
577 2590 844 2658 allocutionibus
866 2589 1081 2658 inveniuntur.
1120 2590 1172 2656 Ao
1194 2590 1331 2679 primum
1354 2589 1458 2655 dicam

581 2787 644 2854 De
678 2786 842 2853 formis
875 2785 1060 2854 ionicis.

290 2910 458 3005 Appianas
481 2911 621 2979 enimin
644 2911 797 2978 imitando
819 2911 984 2979 Herodoto
1007 2937 1044 2979 eo
1067 2935 1167 3000 usque
1188 2934 1370 3002 progressus
1398 2917 1455 2992 est,

184 3024 221 3086 nt
243 3018 387 3109 quamvis
409 3016 504 3087 attico
526 3018 660 3088 scribere
691 3019 840 3100 studeret,
874 3021 968 3086 etiam
997 3019 1115 3085 ionicus
1148 3020 1313 3086 verborum
1341 3017 1457 3086 formas
1518 3066 1519 3077 ο

183 3125 342 3193 interdum
365 3133 541 3217 usurparet:
1422 3179 1433 3207 .

289 3238 403 3324 ἠούς
428 3235 500 3315 129,
525 3235 574 3299 19.
603 3235 675 3311 133,
700 3235 730 3299 6.
756 3235 830 3313 256,
858 3234 907 3299 19.
938 3235 1012 3315 649,
1042 3235 1092 3300 12.
1125 3235 1199 3314 652,
1227 3235 1276 3299 19.
1302 3233 1377 3313 817,
1404 3234 1456 3299 14-

188 3343 282 3421 1128,
304 3343 346 3408 26
361 3340 386 3433 ²)
420 3341 459 3408 cf.
484 3341 614 3421 649,13
660 3342 697 3420 d}
729 3343 806 3429 ηὀύς
840 3343 895 3409 ἐπὶ
930 3349 1134 3434 μεσημβρίαν
1167 3338 1259 3427 οἷμιύν
1292 3339 1455 3433 καρτερός.

185 3449 258 3529 652,
286 3450 326 3514 19
354 3450 391 3529 ἐξ
411 3442 489 3536 ηὀύς
511 3450 566 3516 ἐπὶ
589 3453 731 3539 ἑσπέραν
752 3464 895 3533 γίγνεται
925 3449 1016 3539 μάχη
1050 3449 1249 3543 euprepii...
1279 3448 1359 3514 Hdt.
1384 3447 1459 3512 VII

183 3669 394 3680 -—-—=—-

184 3827 311 3887 concinnl
332 3826 474 3884 habentui
492 3826 558 3882 loci:
581 3830 662 3897 or,1.
681 3806 789 3878 dorosa
807 3825 838 3877 (λέ
853 3843 912 3895 μοι.
925 3870 930 3880 ,
943 3869 948 3880 ,
959 3821 1080 3890 Ἔλληνές
1097 3843 1122 3877 τε
1141 3821 1247 3895 ὁμοίως,
1260 3825 1286 3884 ἔς
1306 3824 1458 3896 Ταρτησσὸν

245 3918 372 3982 πλέοντες,
391 3915 516 3987 ἐμμεῖναι
534 3916 597 3967 καλ
621 3915 740 3967 τῶνδέ
755 3933 859 3973 τινες
876 3914 906 3967 ἓν
924 3910 1032 3984 Ἰβηρίᾳ.
1073 3917 1151 3984 1135,
1169 3918 1203 3971 22
1230 3916 1255 3966 ελ
1280 3913 1310 3966 (λέ
1326 3933 1364 3973 τις
1382 3912 1477 3981 invi·

178 4026 263 4079 χοιεο,
280 4002 474 4078 σνναράσσοντο
492 4006 555 4057 καλ
572 4004 655 4056 olds
673 4004 715 4057 ent
734 4001 779 4063 τοὶς
797 4009 890 4075 πέτρας
908 4000 960 4054 ύπό
979 4008 1023 4054 τοῦ
1041 4000 1163 4074 κύματος.

290 4094 493 4167 ι)11οο61,11)
521 4095 628 4165 quidem
656 4102 720 4151 ente
745 4091 829 4166 ἀρχῆς
852 4093 1005 4165 genitivum
1028 4100 1102 4149 recte
1127 4095 1247 4150 deletum
1272 4110 1331 4150 esse
1356 4096 1454 4151 credo:

182 4182 519 4255 Σύλλας,.,Ἄλίξαν(1ρον
532 4228 538 4242 ,
551 4228 557 4240 .
570 4183 735 4253 ,ἐψηφίσατο
753 4180 904 4252 βασιλεύειν
922 4181 1118 4254 Ἀλεξανδρέων,
1137 4179 1236 4254 ἐρῆμον
1259 4189 1304 4248 τῆς
1333 4180 1458 4252 [Ἀλεξαν
1515 4212 1516 4249 p

138 4318 140 4323 .
182 4273 277 4346 dps'cov]
298 4270 383 4346 α’ρχῆς
400 4269 499 4344 ἀνδρὸς
518 4270 604 4339 οὔσης,
623 4274 668 4325 καὶ
685 4279 738 4326 τῶν
756 4278 896 4344 γυναικῶν
907 4317 913 4329 .
925 4318 931 4330 .
943 4317 949 4330 ,
959 4269 1058 4343 οἰνιλρύς
1082 4278 1229 4343 συγγενοῦς
1247 4273 1398 4343 δεομένων.
1413 4318 1420 4331 ,
1433 4319 1458 4333 ,,

181 4362 275 4422 blond.
293 4364 354 4420 adn.
375 4359 438 4419 n'Al.
457 4362 539 4419 omisi
557 4380 618 4420 cnm
637 4363 786 4420 Candido«

288 4450 310 4522 ²)
328 4452 421 4510 Etiam
434 4452 565 4523 Polybius
577 4454 714 4510 interdum
729 4450 792 4518 ηὀῡς
803 4453 922 4524 scripsit.
937 4453 969 4508 V.
984 4453 1084 4524 Krsbs,
1099 4453 1462 4524 Praepositionsadverbien
1514 4460 1516 4600 ρ

181 4542 208 4600 d.
227 4549 296 4613 sptt.
314 4542 379 4601 hist.
401 4541 553 4600 Graecittt.
590 4547 616 4600 2.
635 4541 705 4612 Tell,
725 4541 864 4599 Miiuchen
885 4545 952 4599 1885
971 4560 998 4612 p.
1017 4545 1082 4599 46(
