3067 5075
594 203 813 264 ..69-

59 403 142 484 ρίλοι
166 411 228 467 καὶ
253 395 272 464 ὅ
298 396 436 488 στρατὸς
459 394 551 475 ὅντας
574 398 783 481 πυθόμενοι
806 395 929 484 ἣδοντο.
977 395 1051 469 624,
1065 396 1108 458 24
1144 393 1340 481 φυλαττόμε-

59 532 110 572 ναι
134 508 176 574 δέ
208 506 333 594 ἀνδρὸς
362 506 472 583 ἑξάκις
498 501 746 578 ὑπατεύσαντος
776 515 847 578 καὶ,
863 554 892 568 ..
929 510 1137 593 εἰργασμένου
1172 497 1340 572 αὕθένται

58 622 229 694 γενέσθαι.
277 611 350 675 Hoc
373 611 442 675 loco
465 608 667 697 participium
689 609 723 673 in
746 608 942 697 appositione
966 633 1045 696 quae
1069 616 1199 675 vocatur
1228 617 1297 674 exst
1317 615 1339 673 1.

59 718 172 803 Qualis
195 741 317 805 pausae
342 717 501 783 excusatio
525 716 622 782 semel
646 715 825 782 adhibenda
848 716 958 781 estad
982 718 1092 795 8663
1117 724 1257 805 Καίσαρι
1281 715 1339 802 dei

59 835 102 917 aqi
124 834 224 913 σιμοῖν
248 824 467 915 αὐτοκράτορι
489 836 545 892 καὶ
568 806 717 922 υὸεργέτρ
740 817 964 909 1ἆμιῖνιιν...

165 930 299 997 Deinde
321 931 481 998 interdum
503 931 609 996 hiatus
632 929 810 996 admittitur
833 931 889 996 ubi
913 931 976 995 duo
999 930 1174 995 sententiae
1204 931 1342 994 membra

59 1037 340 1104 coniunctionibus
363 1047 480 1125 μέν-
494 1042 529 1106 δὲ
545 1043 747 1125 opponuntur
770 1036 852 1102 inter
875 1060 924 1102 se:
950 1039 1056 1115 145,8
1080 1041 1117 1106 ἐν
1141 1042 1178 1105 δὲ
1195 1035 1341 1135 Βιλγήδῃ

60 1146 157 1213 πόλει
179 1144 226 1229 'a‘
261 1154 346 1232 μὲν
381 1148 550 1233 δῆμος...
581 1148 824 1234 ἐνέπρησε...,
855 1149 873 1211 d
907 1148 954 1214 δὲ
988 1148 1200 1225 Φλάκκος...
1232 1144 1341 1219 5418

56 1249 245 1342 Ἰβηραςδὲ
258 1247 480 1343 τούςένἎσίρι
500 1251 504 1336 Ι
527 1259 555 1319 οἱ
567 1262 643 1339 μὲν.
662 1259 704 1318 ,οἱ
728 1256 791 1320 δὲ.
806 1254 941 1331 ,66612
954 1261 1000 1343 τρῖ
1012 1256 1116 1340 δ’ἐξῆς
1132 1252 1194 1318 ἐτιι
1216 1251 1219 1336 i
1241 1247 1260 1316 ot
1281 1259 1343 1336 μὲν

60 1361 175 1447 ὀῆμος.
219 1413 225 1424 .
257 1362 396 1427 ὅδὲ...
429 1360 558 1435 79618
591 1362 647 1428 ἐπὶ
671 1368 754 1446 μὲν
778 1368 825 1450 τῷ
848 1367 987 1449 Καίσαρι
1010 1362 1100 1449 μόνῳ
1139 1361 1242 1436 δόξαν
1268 1365 1343 1426 οἴστ-

59 1475 146 1533 σθαι
177 1464 464 1554 τυραννοκτόνων,Ι
483 1469 539 1533 ἐπὶ
569 1468 615 1532 δὲ
640 1483 704 1545 τοῖς
732 1470 834 1551 φίλοις
865 1459 967 1534 odacri
988 1466 991 1551 1
1011 1469 1158 1556 ἐχθροῖν.
1175 1518 1181 1530 .
1198 1465 1286 1542 ,aaa
1300 1465 1342 1528 26

58 1572 133 1659 ἅμα
160 1577 198 1641 δέ
224 1577 329 1663 ἡμέρᾳ
355 1581 385 1640 οἱ
407 1582 490 1660 μὲν
514 1572 652 1643 ὅντατοι.
668 1626 674 1639 .
692 1580 738 1639 ‚oi
763 1576 826 1640 δὲ.
842 1627 848 1639 .
865 1627 870 1638 .
885 1572 922 1637 cf.
949 1575 978 1652 8,
993 1575 1034 1636 23
1058 1574 1081 1661 ip
1104 1601 1139 1640 τε
1162 1580 1219 1659 τῆς
1237 1575 1344 1650 Ἀσίας

58 1682 144 1770 α’ρχή
172 1680 275 1770 ἔργων
298 1690 359 1767 μὲν
382 1692 457 1770 πέρι
480 1693 536 1747 καὶ
561 1681 692 1767 οἷριτῆς.
708 1732 736 1744 ..

171 1785 333 1870 Quoniam
357 1786 534 1874 expositum
551 1794 606 1861 est,
632 1810 682 1850 au
695 1791 736 1851 te
760 1811 840 1872 quae
856 1785 1053 1874 potissimum
1071 1787 1224 1852 vocabula
1238 1784 1343 1849 hiatus

58 1892 257 1972 inveniatur,
281 1893 444 1959 videamus
467 1917 551 1958 nune
575 1898 676 1980 post
699 1916 779 1979 quae
801 1893 886 1958 idem
909 1894 1143 1958 concedendum
1167 1893 1216 1958 sit.

171 2002 292 2087 Atque,
310 2009 346 2067 ut
357 2004 419 2092 πρὸ
432 2000 695 2088 praepositionem
707 2001 808 2067 obiter
831 2007 967 2087 tangam,
991 2001 1096 2066 hiatus
1117 2006 1220 2066 exstat
1246 2005 1340 2087 post

62 2112 121 2177 ἐπ
134 2138 150 2176 ε
164 2122 247 2175 ί.·-
259 2110 423 2187 ο1204,20.
438 2112 513 2187 630,
528 2112 558 2174 5.
584 2111 657 2187 661,
672 2110 701 2173 5.
722 2110 850 2183 71712.
865 2109 975 2194 (asti
990 2109 1083 2194 corr.)
1097 2110 1221 2177 -οὐδὲ
1234 2107 1341 2183 317,4.

65 2216 234 2292 104510.
260 2254 302 2261 —-
333 2219 425 2307 αὐτῷ
446 2217 522 2294 400,
537 2217 566 2280 2.
592 2215 722 2301 ἐμαθον
748 2217 842 2292 1003,
857 2216 912 2294 24,
937 2221 1040 2301 post
1068 2218 1084 2281 ἐ
1096 2217 1206 2282 arsid
1218 2244 1259 2302 η
1285 2237 1342 2292 -;

62 2326 265 2411 ἐπανῆλθεν
289 2324 404 2398 64,12.
423 2320 501 2389 -ὅ
527 2323 661 2401 111,14.
681 2361 724 2368 -
740 2321 869 2408 ἐμαθιν
894 2323 1051 2400 100412.
1076 2320 1249 2385 Nonnullis
1274 2318 1344 2384 aliis

62 2428 144 2493 locis
169 2431 290 2496 ἐπείτε
313 2436 385 2493 aute
409 2430 549 2494 vocalem
573 2435 684 2494 exstat.
717 2428 783 2494 Sed
806 2435 971 2515 utramque
996 2428 1248 2494 coniunctionem
1273 2451 1343 2492 raro

64 2534 239 2624 Appianus
262 2534 432 2624 usurpavit.
450 2537 563 2622 Itaque
587 2537 671 2622 quod
694 2542 757 2602 tres
781 2542 904 2601 tautum
926 2534 1031 2602 hiatus
1054 2535 1259 2601 inveniuntur
1281 2559 1344 2599 uon

65 2641 179 2728 magni
201 2644 353 2708 momenti
375 2644 550 2731 putandum
574 2652 629 2710 est.
677 2643 781 2729 Magis
809 2650 895 2709 corto·
923 2643 1037 2708 mirum
1076 2651 1122 2708 ost
1157 2644 1345 2709 vocabulum

67 2754 108 2840 δή
133 2773 210 2837 prae
233 2750 391 2837 frequenti
414 2774 473 2815 usu
495 2774 565 2816 raro
589 2757 661 2816 ante
691 2751 831 2815 vocalem
864 2751 1052 2816 collocatum
1080 2749 1216 2815 inveniri
1250 2756 1344 2835 atquo

67 2858 103 2922 id
126 2856 233 2923 tricies
255 2857 330 2923 fere.
355 2856 470 2925 Variat
493 2857 576 2923 enim
602 2856 761 2945 Appianas
786 2858 817 2922 iu
842 2858 1023 2945 usurpando
1048 2862 1144 2945 ὁμὲν
1161 2860 1211 2945 δή,
1231 2861 1248 2923 ὁ
1272 2869 1342 2944 μέν,

69 2970 86 3032 d
113 2975 176 3053 μέν
198 2961 266 3043 οὖν,
292 2977 347 3032 καὶ
372 2969 389 3031 ὁ
414 2977 482 3050 μέν.

178 3073 229 3138 De
252 3072 390 3138 hiatibus
420 3086 490 3159 post
520 3095 691 3160 pronomen
724 3073 894 3137 relativum
936 3069 1078 3136 admissis
1113 3096 1185 3159 pgg.
1211 3073 1253 3135 52
1278 3094 1343 3156 sqq.

8 3170 9 3173 Ἴ
70 3181 270 3246 dictumest.
295 3180 341 3246 Ut
363 3188 468 3244 autam
492 3180 610 3244 iorniac
634 3186 672 3259 οἵ,
698 3187 737 3248 αἵ
755 3180 857 3245 hiatui
879 3179 1033 3245 obnoxiae
1057 3188 1138 3253 sunt,
1166 3180 1208 3244 'ta
1231 3179 1252 3247 ὅ
1264 3201 1343 3256 σοι,

71 3288 199 3357 ὅσσα·
223 3288 325 3355 ὅσοι
349 3288 486 3355 ἄλλοι
509 3287 657 3371 (Xh'll):
683 3289 734 3360 65,
750 3289 779 3351 9.
805 3290 923 3364 6610,
952 3289 1023 3363 147,
1039 3289 1090 3351 20.
1120 3288 1237 3364 166,1.
1268 3288 1343 3364 355,

71 3398 154 3462 23..
207 3397 275 3464 ὅσοι
298 3398 346 3463 ἐν
368 3393 548 3479 137172)
573 3433 614 3440 ·—
638 3396 686 3471 ἐξ
709 3395 849 3467 22611.
881 3433 915 3439 -
940 3394 1008 3459 ἐτι
1035 3396 1170 3466 licor.
1193 3395 1342 3475 -ῑοῖπό

72 3507 149 3581 620,
166 3506 214 3568 10.
239 3502 379 3580 65517.
404 3539 445 3548 -
471 3504 558 3571 6πό
588 3503 636 3578 13,
654 3504 702 3564 121.
730 3540 771 3547 —
794 3505 910 3591 ὑπὲρ
934 3502 1006 3579 790,
1024 3502 1050 3565 1.

183 3611 309 3687 161,13
341 3618 498 3698 Τερεντίρι
523 3611 558 3675 δὲ
583 3607 652 3675 ὅσοι
676 3637 710 3674 τε
734 3610 803 3675 dard
828 3612 947 3696 βουλῆς
969 3621 1025 3676 καὶ
1049 3617 1117 3676 τοῖν
1139 3612 1346 3693 καλουμένων

161 3723 290 3784 ἱππέων
313 3721 450 3804 ἡγοῦντο
474 3725 532 3803 τῆς
556 3713 721 3805 στρατιᾶς]
747 3715 855 3779 Mend.
880 3738 967 3801 prop.
993 3715 1062 3782 ὅσοι
1086 3718 1156 3782 α’κό
1179 3743 1222 3783 τι,
1249 3721 1282 3779 at
1304 3714 1343 3779 of.

162 3824 235 3901 635,
253 3824 291 3886 14
316 3828 448 3911 ζητηταὶ
472 3824 499 3890 d’
525 3825 581 3889 ἐπὶ
605 3821 679 3901 τους
702 3819 841 3911 ἐχθροιῗς
874 3826 994 3890 αὐτίκα
1025 3824 1162 3900 ἐξέθεον
1191 3824 1265 3901 τούς
1299 3849 1345 3888 τε

163 3933 232 3998 dard
258 3940 313 4018 τῆς
336 3932 455 4018 βουλῆς
485 3943 541 3997 καὶ
564 3938 631 3998 τοῖν
663 3934 871 4015 καλουμένων
895 3936 1030 3997 ἱππέων.
1065 3937 1097 3993 et
1121 3930 1252 4005 604,12
1286 3930 1345 3996 τόν

162 4044 230 4104 ἴσον
262 4040 372 4115 αὐτοῖς
404 4039 653 4122 οἷντιξέντιμττον
684 4037 755 4102 cirici
786 4064 831 4101 aa
864 4042 954 4120 σφῶν
987 4040 1101 4104 αὐτοῖν
1128 4047 1183 4103 καὶ
1206 4044 1274 4104 τοῖν
1297 4035 1344 4102 ἐίι

163 4146 418 4230 συμμαχούντων
453 4157 559 4228 σφίσιν
603 4146 725 4210 ἐθνοῖν.
777 4139 890 4206 Simile
922 4140 1117 4227 hyperbaton
1151 4165 1178 4204 v.
1208 4165 1258 4228 pg.
1292 4142 1343 4205 71.

180 4249 255 4319 ὅσαι
278 4252 399 4330 ἑαυτάς
422 4251 496 4327 667,
511 4253 530 4313 a
554 4250 648 4323 (ὅσαι
672 4248 793 4328 ἐαυτοῖς
815 4251 1068 4336 ἐγκεχειρίκεσαν
1084 4250 1139 4315 ἐπὶ
1163 4252 1345 4338 συνθήκαις

75 4336 219 4449 ἕνορκὸι.)

179 4464 246 4533 Sed
279 4461 395 4533 iniuria
429 4461 463 4529 in
499 4461 600 4528 verbis
634 4459 894 4550 praecedentibus
925 4459 1042 4526 Nauck
1075 4484 1131 4548 pro
1154 4472 1210 4527 καὶ
1233 4459 1345 4543 πόλεις
