3067 5075
79 439 237 529 [ι’]λέλεκτο.
253 446 281 532 ¹)
328 444 379 520 68,
395 444 437 510 20
460 446 496 512 ἐν
520 441 714 534 ἀπορρήτοις
736 443 856 534 ἔγραφε
879 443 918 508 cf.
942 443 1017 522 461,
1031 444 1083 508 20.
1131 441 1215 507 Tum
1238 440 1333 507 etiarn

77 548 139 614 haec
159 553 256 617 rerba
278 551 352 617 iude
376 551 573 638 explicantur
596 552 705 626 5029
730 557 773 618 αλ
790 554 826 619 δὲ
850 560 905 625 (ac.
930 554 1062 631 πόλεις)
1094 552 1137 618 τοὶ
1169 552 1332 637 χομνάσιοι

22 625 24 676 l
77 655 163 743 ἢτεῑχ
174 689 190 725 ο
202 660 251 747 §ll
268 664 416 747 λιμένας.
433 714 437 724 .
455 662 664 728 ,ὑπετίθεντο
681 655 968 746 (oppignerabant).
993 658 1078 723 Nam
1094 671 1183 746 τείχη
1199 657 1231 745 ἢ
1250 656 1334 742 quod

77 761 168 828 ldeud.
197 764 342 844 coniecit,
374 764 476 829 noluit
506 763 673 852 Appianus
700 764 845 829 scribere.
894 763 1180 829 Inooneinnitatem
1210 762 1335 828 numeri

77 871 271 956 cacophoniac
293 871 451 958 praetulit.

168 978 277 1063 Atque
300 977 394 1042 tertia
427 976 532 1042 hiatus
556 976 677 1042 vitandi
707 976 798 1057 ratio,
831 1002 911 1065 quae
946 978 1041 1043 etiam
1068 977 1169 1065 prime
1205 985 1335 1043 vocetur

77 1120 109 1129 —
120 1107 187 1148 narn
203 1093 236 1150 et
251 1084 484 1172 promptissima
507 1090 538 1150 et
560 1083 814 1171 frequentissima
829 1092 877 1150 eat
890 1125 931 1134 —
944 1091 1065 1150 constat
1089 1085 1121 1150 in
1145 1091 1218 1173 apta
1241 1086 1333 1150 collo-

77 1192 183 1257 catione
206 1195 383 1258 verbcrum.
432 1192 530 1258 Cuius
559 1194 660 1258 mulla
687 1193 832 1279 exempla
862 1193 972 1257 afferre
1005 1194 1135 1279 longum
1166 1201 1222 1268 est,
1247 1194 1333 1258 lucu·

76 1297 148 1363 lenta
169 1300 325 1386 quaedam
347 1298 520 1365 sufficiant:
549 1301 620 1378 183,
632 1301 674 1364 25
691 1303 935 1390 ὄιαδραμοῦμαι
951 1308 1012 1387 μὲν
1036 1303 1097 1368 ἐπί
1108 1331 1139 1368 τι
1162 1309 1228 1371 τῶν
1243 1326 1333 1392 στρα-

77 1410 206 1476 τοπέδων
239 1409 301 1491 ἔχω’
337 1414 405 1475 τοῖν
432 1406 628 1492 Ῥωμαικοῖν.
698 1407 773 1483 257,
797 1406 853 1482 8λ9
884 1410 955 1474 ε’πεῐ
986 1420 1042 1474 καὶ
1072 1411 1162 1499 αὐτῷ
1184 1412 1276 1495 μόλις
1298 1412 1334 1476 εἰι

77 1522 190 1604 μακροῦ
214 1517 338 1603 σφόδρα
362 1517 553 1600 ἐπιμόχθως
575 1516 704 1603 ἐφέρετο
728 1516 818 1602 ὀλίγη
834 1517 885 1592 (sc.
911 1514 1036 1604 οἷχοροῖ).
1066 1515 1140 1592 3l2,
1155 1517 1212 1590 314
1235 1518 1267 1591 ἐς
1291 1519 1332 1583 τοὶ

77 1623 162 1689 λοιποὶ
192 1616 239 1691 οἷν
266 1624 394 1689 ἐπενόει
429 1622 564 1688 πάντων
592 1622 735 1687 ἔσεσθαι.
771 1621 961 1696 476,22λ23
994 1625 1036 1701 ὥς
1066 1622 1121 1689 ε’πί
1153 1636 1268 1713 ταχείᾳ
1294 1625 1332 1708 δη

76 1740 121 1794 καὶ
152 1732 184 1810 ἐς
215 1730 403 1819 βαρβάρους
435 1730 542 1818 cil-dyo)
582 1731 757 1827 μεταβολῇ.
801 1728 910 1800 8889
942 1730 1052 1820 τοιᾷδε
1087 1738 1148 1815 μὲν
1179 1732 1197 1814 η
1231 1732 1331 1817 βοολη

76 1838 171 1934 γνώμη
195 1838 253 1903 τόν
275 1837 445 1904 Ἄντώνιον
467 1837 552 1920 εἶχεν
575 1837 611 1903 ἐν
635 1838 720 1934 ὀρχῇ.
750 1835 900 1914 1093,14
923 1844 991 1922 μετ’
1017 1839 1188 1924 ἀληθείας.
1216 1831 1252 1922 ἧς
1278 1840 1334 1904 οὐκ

77 1937 117 2006 fra
137 1970 191 2027 μοι
212 1955 307 2033 χωρὶς
330 1950 443 2011 εἰπεῖν.
458 1940 485 2029 ²)

169 2046 335 2135 Tanquam
373 2050 501 2115 obrussa
535 2047 711 2136 euphoniae
751 2053 799 2113 est
832 2050 1021 2114 vocabulum
1053 2050 1159 2137 ἤδη.
1197 2071 1268 2113 oum
1302 2055 1334 2114 et

76 2150 351 2240 frequentissimum
383 2157 424 2222 sit
452 2162 484 2222 et
510 2154 613 2220 hiatui
644 2154 780 2219 maxime
811 2156 995 2221 obnoxium:
1029 2155 1170 2242 Appiani
1193 2155 1333 2220 studium

73 2259 156 2325 etiam
177 2263 235 2329 hac
259 2264 291 2328 in
315 2287 349 2327 re
373 2263 489 2349 optime
512 2264 670 2349 probatur.
706 2262 792 2327 Nam
807 2285 847 2327 ex
870 2262 1078 2349 quadraginta
1093 2261 1158 2328 fere
1176 2262 1253 2327 locis
1269 2262 1333 2349 qui-

73 2366 121 2433 bus
134 2370 195 2435 tale
216 2371 322 2437 hiatus
345 2370 520 2458 periculum
543 2369 639 2435 fuisse
665 2370 837 2447 observavi,
861 2370 915 2434 vix
942 2394 1024 2435 unus
1047 2369 1139 2435 hians
1160 2370 1332 2437 invenitur.

73 2471 145 2542 Nam
188 2478 404 2545 tantummodo
436 2480 543 2558 55⁰,1
575 2476 691 2566 legitur
726 2486 829 2553 αἰτῶν
864 2480 1019 2570 στρατιοὶν
1042 2479 1128 2547 κατοὶ
1153 2480 1250 2565 τοὶχος
1272 2479 1333 2569 ἤδη

74 2590 96 2649 ολ
117 2605 273 2676 παρεῖναι.
311 2586 376 2653 Sed
398 2586 547 2652 facillime
570 2587 802 2673 transponendo
826 2586 972 2651 scribitur
987 2589 1145 2676 στρατιάν
1168 2587 1230 2676 ἤδη
1246 2583 1333 2654 aare?

74 2688 159 2777 τάχος
182 2701 209 2760 ot
232 2711 398 2784 παρεῖναι.
455 2692 549 2777 Quod
584 2717 692 2758 verum
723 2716 791 2758 esse
827 2693 977 2759 concedet
999 2692 1053 2779 qui
1077 2716 1147 2757 curn
1177 2692 1240 2757 alia
1265 2699 1333 2759 tum

73 2794 139 2862 baec
170 2801 313 2886 exempla
343 2799 546 2866 considerant
572 2799 838 2865 luculentissima:
871 2802 946 2883 433,
962 2801 1003 2863 14
1035 2813 1155 2886 πέμπω
1177 2805 1334 2881 βασιλέας

74 2905 146 2972 εἶναι
179 2916 242 2977 τοῖν
276 2911 388 2978 ἐθνῶν
417 2909 470 2996 ἥδ
481 2938 500 2996 η
533 2916 599 2976 τῶν
629 2907 699 2975 ἄνω
737 2913 792 2971 »ut
825 2906 900 2971 iam
933 2930 1031 2971 nunc
1062 2915 1194 2993 regnent
1222 2906 1257 2971 in
1286 2931 1333 2972 su-

73 3012 230 3094 perioribus
262 3015 458 3103 provinciis«
509 3016 582 3094 888,
599 3016 638 3078 15
668 3017 800 3102 γνώμην
834 3017 978 3104 ἐσφέρειν
1012 3017 1049 3081 ἐν
1076 3032 1142 3094 τοῖς
1163 3017 1333 3094 ὑπατικοῖς

74 3116 124 3206 ἤδη
149 3128 200 3187 »ut
221 3121 286 3188 iam
307 3123 391 3189 inter
413 3124 591 3189 consuleres
614 3120 802 3188 sententiam
825 3121 972 3187 diceret«
1015 3123 1089 3195 953,
1104 3123 1147 3186 20
1170 3115 1333 3211 ὅμιλοηκον·

75 3225 175 3316 ταύτης
204 3229 252 3300 dv
280 3231 302 3319 ἤ
315 3235 335 3299 d
346 3254 380 3320 η;
415 3230 454 3296 ct.
478 3231 530 3308 49,
546 3230 574 3294 7.
601 3230 652 3308 71,
668 3230 717 3294 17.
743 3230 861 3307 7821.
890 3230 961 3303 114,
974 3230 1025 3292 22.
1055 3229 1161 3306 1522
1184 3234 1242 3294 cet.

167 3337 279 3426 Itaque
302 3361 382 3425 quae
404 3361 516 3403 novem
540 3335 738 3402 coniecturae
761 3336 871 3401 autin
896 3342 1045 3401 contextu
1078 3335 1244 3400 verborum
1278 3342 1334 3402 aut

74 3437 101 3503 in
121 3443 370 3511 adnotationibus
391 3446 516 3512 hiantes
539 3445 577 3509 de
599 3445 622 3533 ἤ
634 3448 654 3513 (λ
665 3475 684 3533 η
707 3443 920 3522 inveniuntur,
944 3444 995 3508 vel
1018 3442 1089 3507 ideo
1104 3436 1232 3528 *parum
1264 3466 1332 3529 pro·

24 3580 25 3655 η
75 3545 233 3617 habilitatis
255 3553 384 3618 habent.
429 3552 515 3617 Nom

24 3670 25 3681 ¹
151 3659 221 3736 225,
238 3661 277 3724 17
310 3659 524 3741 ...ἐβάδιζεν
555 3657 596 3735 ὥς
629 3660 711 3742 ε”χιον
741 3656 801 3727 τᾶν
832 3655 947 3746 λόφον]
975 3660 1017 3733 ὥς
1041 3662 1196 3735 καθέξων
1218 3655 1268 3720 vel
1292 3658 1333 3732 οἷς

152 3762 232 3856 (ἤδη)
258 3768 340 3853 ἔχων
362 3769 420 3835 τόν
443 3761 542 3855 λόφόν
565 3763 644 3831 coni.
670 3764 798 3831 Reishe.
840 3802 879 3812 -
920 3764 994 3841 228,
1006 3764 1049 3827 22
1072 3774 1167 3853 μέχρι
1189 3772 1329 3853 τρωθέν

152 3900 208 3954 τας
229 3903 265 3942 τε
286 3876 344 3962 (ac.
368 3874 562 3962 ἐλέφαντας)
585 3886 641 3942 καὶ
664 3877 838 3961 φεύγοντας
854 3885 909 3940 καῖ
929 3875 1116 3946 δυσπειθῶς
1138 3871 1187 3938 ε”τι
1199 3871 1332 3956 ε”χοντας

151 3986 232 4047 recte
254 3981 387 4048 codices.
441 3981 506 4049 Sed
528 3980 752 4046 Mendelsaohn
775 3979 808 4043 in
832 3985 953 4044 textum
986 4000 1035 4041 vv.
1060 3974 1178 4061 recepit
1208 3975 1269 4064 ἤδη
1292 3998 1332 4042 ex

154 4085 278 4154 Gelenii
302 4088 490 4168 coniectura,
514 4112 609 4174 quarn
631 4088 727 4154 etiam
749 4084 927 4172 Schweigh.
951 4083 1154 4172 praeferebat.
1195 4082 1260 4149 Sed
1283 4082 1332 4151 ἔτι

152 4194 208 4260 hoc
230 4192 300 4262 loco
322 4196 407 4262 idem
429 4197 515 4262 valet
537 4218 573 4260 ac
584 4205 725 4286 προσέτι.
744 4231 787 4242 -
802 4194 909 4270 3526
932 4187 1142 4281 ιῗηοραίμενοι.
1165 4188 1189 4276 η’
1212 4192 1267 4276 (λη.
1285 4245 1291 4255 .
1306 4188 1328 4275 .]

78 4299 272 4315 Ὰ-ι

171 4354 189 4422 ¹)
206 4360 238 4416 de
256 4365 402 4429 augmento
420 4358 515 4427 syllab.
533 4358 702 4427 plusquamp.
720 4372 746 4411 v.
765 4355 848 4411 infra.

169 4444 190 4517 ¹)
207 4448 320 4505 Talibus
337 4447 496 4517 hyperbatis
515 4448 597 4502 etiarn
616 4446 764 4518 gravitatis
784 4445 914 4514 quaedam
927 4442 1031 4512 species
1043 4440 1162 4497 orationi
1174 4439 1329 4497 arcessitur.

78 4532 106 4588 V.
124 4535 206 4592 Krehs
223 4555 270 4609 ης.
288 4542 332 4595 lb.
