3067 5075
651 542 827 644 Vita.

687 755 792 763 —-—.

210 845 370 910 Arthurus
404 841 525 909 Zerdik
555 841 747 908 Pomeranus
779 839 968 906 Gollnoviae
1005 865 1033 905 a.
1063 841 1092 905 d.
1125 841 1167 908 V.
1199 840 1276 905 Kal.
1301 840 1373 906 Iun.

104 949 347 1016 MDOOOLXI
361 955 454 1015 natus
470 972 539 1014 sum
562 955 650 1036 patre
667 949 797 1026 Ioanne,
814 955 913 1012 matre
930 946 1050 1012 Bertha
1074 971 1091 1013 e
1114 952 1208 1034 gente
1224 947 1374 1013 Kretsch·

103 1082 171 1123 mer
193 1080 270 1143 quos
292 1057 394 1122 adhuc
425 1054 512 1122 vivos
535 1078 673 1121 veneror.
714 1054 828 1120 Fidem
852 1056 1000 1140 profiteor
1023 1053 1246 1140 evangelicam.
1272 1054 1374 1118 Biele·

104 1163 208 1229 feldac
233 1161 499 1250 Gnestphalorum
523 1161 555 1226 in
579 1162 686 1228 schola
722 1185 816 1247 quam
845 1169 933 1247 pater
961 1161 1089 1247 regebat
1120 1163 1239 1226 urbana
1268 1160 1375 1247 primis

108 1270 284 1336 litterarum
308 1268 470 1335 elementis
492 1270 631 1335 imbutus
647 1292 725 1357 puer
748 1292 860 1332 novem
883 1292 1035 1332 annorum
1051 1267 1250 1354 gymnasium
1274 1268 1374 1333 Biele-

106 1357 394 1443 seldense'intravi.
441 1375 507 1442 Sed
530 1399 611 1441 aurio
635 1382 705 1462 post
736 1383 824 1461 patre
847 1373 1143 1439 Neomonnsterium
1167 1374 1372 1440 Holsatmnm

0 1514 1 1529 ¹
106 1492 224 1556 vocato,
250 1489 286 1549 ut
308 1483 446 1548 scholam
469 1506 520 1569 qu.
545 1506 573 1546 v.
599 1482 715 1547 realem
737 1481 916 1546 institueret
938 1488 1130 1567 regeretque,
1169 1480 1375 1568 illam'quat·

105 1598 177 1655 tuor
199 1613 296 1655 annos
319 1589 524 1675 frequentavi,
549 1587 649 1652 donec
673 1595 842 1652 auctumno
866 1586 940 1651 anni
968 1589 1000 1652 h.
1025 1610 1048 1652 s.
1066 1587 1201 1654 LXXV
1223 1585 1256 1651 in
1280 1587 1374 1654 Selm-

1 1755 2 1758 ,
105 1697 169 1762 lam
204 1696 388 1762 Portensem
416 1701 452 1763 ut
481 1693 636 1782 reciperer
667 1692 745 1758 mihi
775 1692 915 1779 contigit.
963 1693 1071 1779 Atque
1102 1717 1157 1760 sex
1188 1718 1284 1759 annos
1308 1695 1374 1759 eius

106 1805 252 1869 alumnus
276 1802 436 1869 Guilelmo
453 1803 574 1868 Herbst
588 1802 618 1879 t,
643 1800 794 1866 Diderioo
810 1801 992 1869 Volkmann
1009 1800 1180 1866 rectoribus
1204 1800 1259 1865 fui·
1273 1825 1375 1888 neque

107 1911 222 1976 Almus
246 1910 357 1976 Matris
380 1907 539 1976 Portensis
570 1918 659 1995 grato
691 1908 839 1974 memoria
862 1932 1000 1995 unquam
1032 1908 1110 1973 mihi
1148 1909 1373 1996 exstinguetur,

20 2013 27 2024 ’
106 2016 287 2105 praesertim
307 2039 382 2082 uum
398 2016 553 2082 Theodori
569 2016 690 2094 Pluess,
708 2039 791 2081 nunc
808 2015 1007 2091 BasileensiS,
1025 2015 1191 2103 disciplina
1213 2017 1374 2103 tutelaque

105 2148 180 2190 usus
203 2124 272 2208 sim,
295 2124 349 2212 qui
373 2108 420 2188 vir
441 2122 684 2190 humanissimus
706 2132 857 2211 perpetua
879 2121 1098 2189 benevolentia
1120 2122 1152 2187 in
1176 2121 1280 2187 animo
1304 2146 1373 2188 meo

107 2231 278 2296 excolendo
302 2236 333 2295 et
355 2232 396 2296 ad
418 2230 536 2319 optima
559 2254 700 2317 quaeque
723 2231 888 2295 excitando
912 2238 1080 2317 occupatus
1096 2228 1284 2317 sempiterna
1306 2253 1374 2314 gra·

105 2336 151 2402 tia
173 2361 223 2401 mc
245 2337 305 2402 sibi
328 2337 479 2403 devinxit.
527 2336 685 2403 Serennio
709 2339 853 2401 absoluto
878 2336 1070 2401 academiam
1099 2336 1275 2401 Kilicnsem
1299 2335 1372 2410 adii,

105 2451 141 2509 ut
164 2443 275 2510 studiis
297 2444 425 2530 graccis,
450 2443 565 2520 latinis,
590 2444 758 2508 theodiseis
782 2468 831 2509 mo
859 2444 974 2518 dnrcm,
1007 2443 1137 2529 eiusque
1162 2441 1238 2507 civis
1262 2441 1371 2518 mansi,

107 2550 275 2638 nisi-quod
298 2559 369 2639 post
391 2557 542 2617 aestatem
564 2550 639 2616 anni
662 2551 860 2616 LXXXIII
884 2549 1067 2616 Berelinum
1102 2550 1135 2614 in
1170 2573 1287 2614 annum
1318 2549 1373 2614 mi·

107 2658 204 2745 gravi.
251 2658 437 2725 Doouerunt
465 2682 515 2724 mc
544 2658 619 2726 VV.
644 2659 719 2723 DD.
750 2659 852 2734 Blass,
879 2659 993 2734 Benna,
1018 2657 1191 2736 Erdmann,
1215 2656 1371 2735 Foerster,

108 2765 362 2843 Forchhammer,
387 2764 523 2851 Glogau.
547 2765 672 2843 Krohn,
697 2765 772 2841 Leo,
798 2764 858 2829 Th.
884 2763 1037 2843 lloebius,
1065 2763 1203 2839 Pleiffor,
1234 2762 1371 2838 Pietsoh,

107 2870 243 2948 Pischel,
267 2873 305 2937 F.
331 2874 418 2959 Vogt
440 2871 616 2952 Kilienses;
641 2872 786 2960 Kiepert,
810 2872 940 2950 Robert,
973 2869 1142 2957 Roediger,
1176 2869 1370 2948 Treitschkc,

108 2979 244 3053 Vahlen,
280 2979 387 3043 Zeller
421 2979 651 3045 Berelinenses.
688 2980 797 3065 Atque
832 2979 894 3045 duo
929 2975 1111 3043 semenstris
1147 2975 1371 3065 proseminarii,

108 3092 255 3170 quattuor
278 3084 438 3150 seminarii
460 3085 643 3173 philologici
665 3084 782 3151 sodalis
805 3084 990 3161 ordinariae,
1013 3092 1170 3172 postremo
1193 3083 1296 3149 senior
1326 3082 1373 3149 fni

108 3192 382 3271 Forchhammero,
400 3192 575 3270 Foerstero,
594 3191 717 3257 Blassio
740 3191 921 3258 rectoribus.
946 3191 1113 3259 Praeterea
1135 3189 1264 3256 interfui
1287 3213 1371 3255 exer·

109 3297 309 3364 citationibus
337 3320 415 3384 quas
445 3297 648 3364 instituerunt
679 3298 884 3386 philologioas
913 3298 1014 3374 Blass,
1047 3298 1124 3377 Lea,
1148 3296 1293 3376 Vahleu;
1328 3321 1372 3362 ar-

110 3404 476 3490 ohaeologicasRobe1t;
500 3404 675 3470 theodisoas
699 3405 852 3481 Moebius,
870 3405 1007 3486 Piotsch,
1032 3404 1198 3490 Roedigcr,
1224 3403 1368 3482 Scherer,

110 3511 209 3597 Vogt3
235 3512 273 3575 de
302 3510 499 3598 philosophia
522 3509 658 3597 Glogau,
682 3512 806 3577 Krohn.
854 3512 918 3595 Qui
947 3535 1019 3577 voro
1053 3536 1109 3599 pcr
1136 3533 1242 3575 ornnes
1274 3534 1373 3575 annos

110 3617 301 3682 academicos
333 3615 529 3702 antiquitatis
560 3641 629 3682 mea
663 3616 766 3683 studia
795 3617 910 3703 insigni
941 3617 1046 3683 favore
1068 3617 1222 3706 prosecuti
1246 3627 1319 3683 sunt
1341 3629 1373 3683 et

110 3723 306 3802 adiuverunt,
323 3730 396 3789 sunt
411 3723 591 3790 Friderious
607 3724 707 3805 Blass,
725 3725 903 3793 Richardus
926 3725 1080 3802 Foerstcr,
1098 3725 1279 3792 Friderieus
1295 3725 1370 3804 Leo,

110 3853 192 3895 nuno
225 3829 468 3896 Rostoehiensis.
514 3830 544 3894 Ε
576 3829 688 3917 quibus
719 3831 885 3899 Foerstero
919 3831 1013 3897 etiam
1046 3831 1126 3898 illud
1157 3834 1254 3899 dobeo
1277 3835 1370 3920 quod,

111 3960 181 4002 oum
202 3936 285 4003 inter
306 3935 407 4003 varias
430 3936 681 4024 multiplicesque
703 3938 893 4026 philologiae
925 3939 1045 4005 litteras
1066 3938 1203 4005 incertus
1233 3964 1370 4028 vagarer,

110 4043 142 4107 in
165 4044 214 4109 his
236 4044 376 4132 Appiani
398 4042 509 4110 studiis
543 4068 593 4109 mo
623 4044 758 4111 detinuit
788 4056 882 4132 atque
923 4046 967 4111 cis
997 4045 1192 4112 incumbenti
1220 4047 1368 4115 liberalis·

110 4149 186 4215 sime
209 4174 310 4238 neque
333 4150 461 4216 oonsilio
486 4174 588 4237 neque
611 4174 704 4237 opera
725 4175 864 4239 unquam
887 4152 965 4217 mihi
987 4152 1097 4217 defuit.
1146 4150 1300 4218 Omnibus
1316 4155 1369 4241 igi·

110 4263 161 4320 tur
183 4254 232 4322 his
254 4257 308 4344 qui
331 4282 380 4322 me
402 4258 575 4322 docuerunt
600 4257 671 4323 viris
693 4257 810 4344 gratias
841 4282 899 4344 ago
931 4258 1080 4322 maximas
1109 4282 1289 4347 semperque
1321 4286 1371 4327 me

111 4364 288 4429 habiturum
313 4387 378 4429 esse
402 4364 558 4451 profiteor.
