3067 5075
721 273 940 347 -50-

191 475 413 548 Mendelssehn
438 480 493 546 ille
518 478 644 566 quidem
661 476 800 566 Appiani
826 475 927 542 editor
950 475 989 540 19
1013 498 1050 539 ea
1072 497 1105 539 re
1122 476 1177 538 aut
1199 495 1261 536 non
1279 468 1463 557 quaesivisse

191 594 247 655 aut
269 589 362 677 plane
385 589 565 676 desperasse
588 585 722 663 videtur,
748 583 896 670 quoniam
920 581 1016 647 otiam
1041 603 1139 646 novos
1161 578 1267 644 hiatus
1297 578 1331 642 in
1361 579 1464 645 rerbo·

191 719 261 760 rum
285 703 466 761 contextum
491 690 677 759 coniecturis
700 689 817 755 intulit.
863 691 954 753 Anno
979 694 1084 753 autern
1108 684 1250 773 proximo
1263 686 1464 752 Franciscum

190 802 297 867 Krcbs
321 802 355 867 in
378 802 458 868 libro
482 800 537 888 qui
564 799 644 864 »Die
662 794 1066 884 Praepositionsadvcrbicn
1089 793 1124 858 in
1147 794 1350 880 (1919991919
1376 792 1464 858 histo·

189 908 315 975 rischen
340 907 502 974 Gracitat‹
530 904 721 980 inscribitur,
746 910 866 993 septem
889 903 1012 990 paginis
1035 902 1121 989 (pgg.
1150 901 1294 983 11-17)
1318 899 1414 965 etiam
1429 899 1464 962 de

188 1016 280 1082 hiatu
304 1016 388 1103 apud
412 1038 518 1081 omnes
541 1013 614 1079 illos
637 1012 801 1078 historicos
836 1010 1047 1100 disputavisse
1081 1008 1309 1095 cognoscebam
1345 1031 1385 1072 ex
1412 1005 1466 1070 >Li

188 1129 280 1188 teror.
317 1123 509 1189 0991191111(
541 1123 625 1188 1885
663 1144 710 1186 nr.
735 1121 763 1184 I.
818 1119 909 1205 Quae
944 1116 1115 1207 disputatio
1150 1139 1221 1181 cum
1255 1114 1295 1178 ad
1329 1114 1464 1199 singulos

189 1254 261 1297 ocos
283 1255 394 1319 parum
417 1230 574 1319 pertinere
597 1230 756 1295 videretur
780 1227 895 1316 quippe
919 1251 979 1313 qua
1002 1225 1035 1289 in
1059 1223 1167 1312 paucis
1189 1221 1314 1309 paginis
1348 1221 1387 1286 19
1410 1226 1463 1286 tot·

194 1338 397 1427 scriptoribus
421 1345 577 1426 ageretur,
601 1336 669 1425 ipse
692 1337 731 1402 de
754 1335 844 1402 hiatn
869 1336 952 1423 apud
975 1333 1160 1421 Appianum
1185 1328 1399 1416 quaestionem
1429 1327 1464 1391 de

187 1446 322 1535 lintegro
344 1447 477 1526 institui,
513 1470 574 1533 qua
605 1444 689 1532 quod
712 1443 893 1530 cognovisse
927 1440 1006 1507 mihi
1040 1440 1147 1505 videor
1176 1435 1282 1502 statim
1304 1433 1461 1522 proferam.
1517 1420 1521 1440 ⁶

188 1554 394 1643 Appianus
433 1553 532 1620 enim
571 1575 807 1618 concursum
842 1547 1030 1614 vocalium
1068 1547 1148 1610 fere
1184 1543 1331 1608 vitarit
1365 1542 1464 1607 sicut

187 1662 492 1741 Demosthenes,
517 1660 585 1726 sed
608 1659 673 1725 ubi
696 1665 764 1724 aut
788 1657 899 1722 elisio
924 1657 984 1721 vel
1008 1653 1128 1720 919919
1152 1653 1214 1717 191
1238 1647 1463 1737 aphaeresis

188 1770 249 1836 vel
282 1768 472 1855 synizesis
507 1767 718 1850 (interdum
742 1764 861 1831 etiam
884 1761 1114 1849 violentior)
1147 1765 1344 1847 poetarum
1367 1779 1464 1820 more

191 1878 353 1942 valebat
384 1883 448 1943 aut
479 1875 597 1941 vitari
631 1873 776 1939 hiatum
799 1872 976 1937 difficile
1000 1874 1079 1935 9191
1102 1864 1286 1949 (velutin
1310 1863 1463 1928 nomini-

187 1986 253 2050 bus
276 1983 467 2072 prepriis,
502 1979 782 2054 numeralibus,
819 1978 942 2064 aliis),
978 1977 1032 2044 ibi
1067 1974 1259 2040 interdum
1294 1968 1462 2047 admisit,

188 2099 298 2178 utque
321 2091 360 2156 id
383 2088 507 2156 rarius
530 2087 568 2152 in
594 2084 847 2163 orationibus,
872 2084 1032 2173 saepius
1063 2082 1101 2147 in
1130 2076 1362 2146 narratione.

293 2198 407 2284 Neque
423 2196 538 2262 frustra
561 2218 611 2260 me
635 2193 684 2258 illi
706 2192 780 2279 legi,
798 2192 1024 2279 qualiscunque
1048 2197 1104 2269 est,
1128 2186 1314 2253 statuendae
1337 2207 1458 2272 operam

188 2305 311 2371 dedisse
335 2303 477 2392 cognovi,
496 2327 567 2368 cum
584 2300 715 2367 Krebsii
738 2300 970 2366 observationes
993 2298 1133 2364 nondum
1151 2297 1189 2360 ab
1215 2292 1285 2358 91119
1308 2292 1454 2358 refutatas

187 2414 333 2501 legerem.
382 2411 554 2478 Contendit
577 2409 661 2474 enim
685 2409 733 2474 vir
756 2408 866 2474 doetus
897 2408 962 2496 (pg,
991 2407 1042 2496 11)
1067 2403 1254 2492 Appianum
1288 2423 1385 2486 aeque
1417 2406 1457 2463 91-

188 2545 248 2608 que
272 2520 446 2586 Arrianum
482 2517 621 2604 aliosque
653 2516 776 2582 hiatum
810 2517 899 2582 nulla
932 2539 1057 2605 prorsus
1091 2535 1165 2577 cura
1188 2506 1330 2575 adhibita
1352 2506 1456 2593 utique

188 2627 358 2694 admisisse.
395 2625 485 2711 Quae
508 2631 544 2691 ut
567 2625 606 2689 19
629 2624 761 2691 Arriano
786 2631 869 2689 recte
885 2624 968 2690 dicta
993 2632 1075 2701 sunt,
1093 2622 1231 2689 11919199
1248 2614 1455 2701 doAppiauo.

188 2736 273 2801 Nam
295 2735 378 2801 inter
400 2732 544 2821 Appiani
566 2731 720 2799 rationem
743 2742 775 2797 et
797 2731 929 2797 Arriani
952 2739 1106 2819 quantum
1128 2733 1252 2803 intersit
1281 2721 1455 2796 1180111111

189 2866 375 2929 cognoscere
399 2842 493 2907 debet
515 2839 695 2928 quicunque
725 2842 777 2906 vel
810 2840 946 2928 primum
981 2841 1145 2929 utriusque
1179 2845 1337 2933 scriptoris
1369 2849 1457 2933 caput

187 2949 309 3038 legerit,
333 2948 416 3036 quia,
441 2971 513 3014 cum
527 2947 683 3013 Arrianus
709 2947 859 3013 tredecim
874 2947 1072 3034 gravissimos
1093 2949 1197 3017 hiatus
1225 2952 1270 3019 ibi
1293 2953 1454 3027 admiserit,

188 3057 356 3145 Appianas
379 3055 505 3120 nullum
528 3060 703 3119 autunum
726 3056 864 3141 praebet.

296 3165 405 3250 Atque
428 3162 614 3250 Appianum
647 3162 686 3227 ad
720 3162 878 3227 vocalium
912 3186 1080 3229 concursus
1115 3166 1254 3232 animum
1290 3166 1457 3234 attendisse

187 3271 324 3361 primum
345 3271 483 3359 probabo
507 3293 546 3335 ex
567 3269 654 3335 illius
677 3293 736 3334 usu
759 3268 916 3335 scribendi
939 3271 1110 3337 secundum
1127 3274 1317 3362 euphoniam
1334 3275 1454 3341 variato.

296 3377 414 3445 Hiatus
437 3376 559 3444 vitandi
582 3382 645 3443 tres
667 3381 741 3442 sunt
763 3376 858 3442 modi.
905 3377 1013 3445 Verba
1037 3379 1121 3444 enim
1145 3389 1200 3447 aut
1215 3389 1287 3468 apte
1312 3385 1455 3449 collocan·

189 3493 250 3566 tur,
275 3491 331 3552 aut
352 3484 430 3573 ipsa,
454 3484 481 3551 si
503 3483 572 3549 fieri
595 3490 707 3571 potest,
733 3482 858 3549 casibus
881 3485 932 3549 vel
955 3509 1085 3550 numero
1109 3487 1282 3576 variantur,
1298 3501 1354 3556 aut
1376 3512 1456 3577 syno-

189 3592 292 3681 nymis
313 3597 553 3658 commutantur.
601 3592 698 3658 Hunc
722 3599 829 3657 autem
851 3615 1097 3680 synonymorum
1120 3619 1213 3660 usum
1244 3598 1395 3686 exemplis
1423 3617 1457 3661 ex

190 3699 339 3787 Appiano
362 3698 469 3787 petitis
499 3697 562 3764 iarn
591 3697 768 3766 illustrabo,
815 3700 925 3787 Atque
958 3724 1028 3766 cum
1059 3708 1169 3768 notum
1204 3703 1245 3769 sit
1279 3704 1457 3792 posteriores

189 3807 354 3895 scriptores
376 3806 458 3872 sicut
481 3803 733 3871 coniunctionem
757 3838 775 3874 κ
789 3838 811 3875 9
824 3822 840 3874 ί
848 3836 874 3875 rr
885 3837 931 3899 ερ
954 3808 1050 3877 etiarn
1073 3841 1126 3879 κα
1140 3825 1235 3879 1199
1259 3835 1331 3877 cum
1342 3808 1457 3900 partici-
1509 3830 1516 3859 ¹

189 3915 242 4003 pio
265 3914 354 3982 verbi
380 3913 539 3990 struxisse,
564 3913 731 4001 Appianas
764 3913 811 3980 ita
844 3915 945 3982 variat
977 3917 1062 3982 hunc
1096 3942 1198 3993 usum,
1235 3926 1271 3984 ut
1304 3934 1458 3988 καίτοι

190 4045 312 4109 semper
349 4027 422 4087 ante
457 4044 617 4100 consonae,
653 4036 828 4113 καίπερ
864 4030 936 4088 9919
972 4025 1095 4089 1999199
1130 4025 1287 4091 adhibeat.
1335 4026 1458 4091 Habeas

189 4130 290 4194 locos:
327 4143 502 4221 καίπερ
545 4129 639 4208 615.
675 4130 749 4207 202,
766 4131 815 4194 111.
845 4131 986 4207 31111.
1019 4133 1093 4207 318,
1108 4133 1138 4197 5.
1171 4133 1313 4211 49113.
1343 4131 1456 4210 4414.

191 4237 266 4314 549,
281 4237 310 4302 9.
335 4235 410 4314 555,
424 4238 454 4302 3.
481 4237 599 4315 6911.
626 4237 700 4316 806,
715 4238 743 4301 2.
771 4238 844 4316 810,
859 4240 909 4303 21.
929 4238 1002 4315 835,
1018 4240 1070 4304 20.
1089 4242 1163 4316 906,
1177 4242 1207 4305 4.
1230 4242 1304 4317 909,
1319 4242 1370 4306 20.
1388 4240 1455 4313 926,

192 4345 243 4411 23.
356 4356 516 4410 καίτοι
547 4344 619 4420 110,
634 4345 663 4408 6.
699 4343 774 4418 553,
790 4345 819 4408 8.
844 4345 919 4422 556,
936 4345 985 4409 19.
1012 4346 1130 4424 787,8.
1155 4347 1296 4422 910,13.
1322 4346 1455 4424 96911.

298 4450 368 4515 Iam
391 4472 465 4514 vero
489 4450 514 4516 di
527 4476 603 4518 veo
626 4449 891 4537 praepositionem
915 4475 995 4538 quae
1018 4451 1052 4516 in
1075 4452 1233 4519 scribendi
1261 4477 1321 4518 usu
1349 4450 1454 4540 (primo

192 4577 222 4640 p.
249 4553 327 4620 Ohr.
352 4554 493 4642 saeculo)
516 4554 616 4639 magis
638 4553 800 4640 magisque
816 4580 889 4642 9199
913 4583 969 4638 χω
982 4571 1052 4649 pte
1073 4560 1226 4625 vocabulo
1243 4558 1454 4627 obsolescehat,
