3067 5075
701 221 920 285 ..50.„

210 406 216 415 ⁴
269 413 348 478 11111.
373 413 555 478 1111111.-
570 415 735 491 1015,5..
759 418 1002 502 ἀγωνισαμένου
1018 411 1087 504 (ἤν)
1111 434 1191 496 ποις
1213 439 1300 503 prop.
1326 410 1463 484 nlend„

268 521 322 585 sed
346 527 416 607 post
438 538 517 600 παίς
535 517 615 583 illud
629 517 829 584 inserendum
842 528 898 598 est,
915 519 941 585 si
959 521 1177 586 necessarium.
1195 561 1238 568 —
1253 521 1346 596 1015,
1360 521 1431 582 21.
1451 570 1457 582 .

270 630 401 718 ἀγοράν,
426 631 461 707 ἐς
482 628 524 715 ἣν
547 629 676 707 οὐδενὸς
700 632 853 714 πολεμίου
876 631 1033 716 κεφαλήν.
1050 627 1229 718 daswel
1255 629 1331 695 οὐδὲ
1358 629 1466 693 πολε·

270 749 344 819 μίου
367 737 498 815 οὐδενός
512 758 599 822 prop.
612 734 737 799 Nauck.
748 773 790 781 —-
806 738 898 809 1060,
912 738 954 800 23
977 735 1029 803 ὅτι
1055 739 1192 824 μηδενὸς
1214 736 1467 825 ἁμαρτήματος

270 850 337 912 ἴσον
359 845 520 928 ἐπιτίμιον
543 840 694 930 ὁρίζεται]
720 841 753 905 M
757 841 827 906 end.
852 866 924 907 oum
948 841 1061 907 Gelan.
1091 842 1171 907 coni.
1201 841 1386 929 (ὑμετέρου)
1427 842 1466 905 οἱ·

271 978 366 1039 μαρτ.
391 987 434 994 -
461 945 973 1038 1092,251111Λ111κοοςέμη
1001 959 1050 1017 »εἰ
1070 959 1131 1037 μὲν
1155 956 1287 1028 ξένος
1309 947 1356 1016 civ
1380 949 1467 1012 ἕπο·

273 1060 406 1144 λίμησα,
432 1050 459 1125 oi
483 1064 618 1144 Καῖσαρ,
645 1058 785 1146 αἰσχροὶν
809 1057 867 1125 ἄν.
883 1111 910 1122 ..
941 1056 1094 1146 ἡγούμην]
1121 1057 1226 1121 bland.
1252 1055 1344 1120 adn:
1384 1076 1466 1116 »ex-

273 1164 434 1248 spectabas
456 1171 487 1232 11
507 1174 569 1250 μίν
592 1187 639 1231 σοι
664 1169 777 1255 ξένῳ
800 1165 1097 1245 ‹tvvm-1109,
1112 1166 1153 1229 23
1178 1168 1252 1232 ὁδί
1276 1166 1469 1250 »anapau-

274 1284 379 1338 τεσίου
409 1298 478 1354 μκ(
518 1284 612 1359 (μησίν
643 1274 859 1340 »ἀποκλείων
875 1326 904 1339 ..
939 1275 986 1340 ἔτι
1014 1292 1078 1354 τοῖς
1105 1276 1207 1360 φίλοις
1233 1274 1321 1338 ἐστὶν
1343 1269 1468 1345 εὔνους

273 1375 393 1463 μόνοις]
413 1377 520 1444 Mend.
536 1401 623 1466 prop.
648 1379 734 1446 866«
757 1376 806 1462 (ὁ)
821 1382 856 1448 ἐκ
873 1390 1061 1471 Βρεντεσίου
1084 1383 1178 1466 ἐμέ,
1203 1376 1275 1463 quia
1292 1374 1468 1440 Candidus

276 1482 369 1549 vertit
396 1484 469 1549 11111
492 1484 577 1571 qui«,
601 1485 656 1550 sed
679 1484 732 1549 vix
755 1486 847 1550 aliter
869 1495 989 1552 vertero
1011 1494 1140 1575 poterat.

293 1590 384 1656 Haec
395 1589 491 1656 habui
504 1616 584 1677 quae
597 1593 635 1657 do
644 1592 743 1657 CXX
752 1592 938 1680 paginarum
947 1593 1139 1660 orationibus
1152 1590 1285 1658 dicenda
1296 1612 1362 1654 osse
1371 1587 1467 1652 vide-

187 1704 305 1770 rentur.
343 1696 538 1781 Quaeramus
554 1722 638 1763 nunc
654 1699 693 1763 de
708 1698 797 1765 hiatu
821 1700 857 1763 in
882 1700 1043 1787 reliquis
1065 1698 1316 1765 historiarum
1339 1694 1467 1782 parti·

190 1808 267 1872 hus.
314 1807 383 1871 Iam
408 1804 590 1893 supradixi
613 1807 645 1870 iu
661 1806 853 1872 orationibus
876 1807 975 1872 rarius
996 1808 1101 1872 hiatus
1123 1804 1258 1871 inveniri
1281 1802 1355 1890 quia
1372 1803 1465 1888 App.

190 1935 242 1979 eus
265 1913 382 1977 maiore
406 1936 476 1977 cum
500 1937 574 1978 cura
601 1914 832 2002 composuisset.
878 1915 1090 2001 Frequentius
1119 1914 1215 2000 igitur
1246 1934 1330 1975 nunc
1352 1910 1468 1973 hiatus

191 2019 380 2106 agnoscendi
403 2026 503 2096 erunt,
526 2021 581 2086 sed
596 2027 701 2087 tamen
717 2044 780 2085 non
796 2028 843 2087 est
858 2021 1031 2108 periculum
1047 2045 1086 2086 ne
1103 2020 1171 2107 quis
1186 2021 1308 2084 nullam
1331 2018 1370 2082 ad
1394 2016 1467 2081 hia·

192 2136 259 2193 tum
283 2126 575 2194 vitandum'euram
599 2126 779 2193 adhibuisse
802 2128 986 2215 Appianum
1019 2129 1218 2192 domonstrat.
1265 2126 1350 2189 Nam
1382 2122 1467 2188 satis

193 2232 300 2299 multis
323 2232 498 2319 validisque
520 2234 710 2320 argumentis
734 2238 951 2300 confirmatum
974 2243 1030 2313 est,
1047 2234 1151 2299 hiatus
1175 2231 1295 2299 vitandi
1317 2229 1466 2296 studium

192 2341 226 2406 in
249 2340 393 2406 omnibus
416 2340 558 2428 Appiani
580 2341 668 2406 libris
692 2365 790 2427 aequo
813 2343 1012 2429 perspicuum
1036 2366 1111 2418 esse,
1136 2349 1169 2406 11
1194 2341 1275 2405 illud
1297 2361 1466 2424 argumen-

194 2456 296 2515 torum
319 2447 559 2513 fundamentum
582 2446 625 2528 (v.
651 2473 722 2535 pgg.
751 2451 897 2533 50-56)
934 2450 1069 2514 solidum
1093 2454 1208 2524 manet,
1234 2445 1357 2512 etiamsi
1379 2445 1466 2509 sorte

193 2557 367 2645 complures
401 2556 558 2622 interdum
580 2556 686 2622 hiatus
709 2557 831 2643 exiguis
864 2557 1036 2624 intervallis
1060 2582 1092 2623 se
1116 2557 1307 2644 excipientes
1334 2577 1398 2618 una
1430 2553 1467 2617 in

191 2664 306 2753 pagina
327 2662 536 2728 inveniantur.
584 2664 667 2728 Nam
691 2664 772 2731 illud
795 2665 820 2729 si
855 2665 924 2751 quis
954 2665 1092 2752 opponit,
1127 2664 1206 2728 nihil
1234 2663 1321 2727 aliud
1348 2662 1469 2748 probat

193 2796 284 2857 quam
309 2770 342 2835 in
365 2771 422 2835 illa
444 2771 559 2858 pagiua
582 2771 792 2836 elocutionem
808 2772 961 2836 eiusmodi
985 2796 1051 2837 esse
1074 2780 1110 2837 ut
1129 2770 1304 2858 euphoniae
1327 2769 1468 2833 facultas

192 2877 357 2942 imminuta
380 2876 429 2942 sit.
467 2877 585 2941 Contra
607 2900 699 2965 saepo
723 2878 861 2964 quinque
886 2887 939 2944 aut
962 2881 1068 2965 plures
1091 2879 1223 2965 paginae
1247 2877 1394 2963 deinceps
1419 2875 1467 2939 in-

193 2983 363 3050 veniuntur
385 2983 440 3049 uhi
463 2984 569 3048 nullus
591 2991 661 3071 post
683 2985 792 3070 longas
816 2988 938 3051 vocales
961 2987 1066 3050 hiatus
1090 2991 1198 3050 exstet.
1235 2985 1350 3070 Itaque
1373 2981 1468 3045 nolui

194 3099 271 3180 quot
294 3115 417 3178 quoque
439 3089 473 3154 in
496 3090 575 3155 libro
599 3090 704 3157 hiatus
726 3091 935 3168 inveniantur,
961 3115 1142 3157 enumerare
1175 3100 1229 3156 aut
1259 3114 1319 3177 quo
1354 3089 1468 3153 ordine

134 3247 139 3257 .
196 3198 273 3264 varii
295 3197 471 3283 diversique
494 3197 599 3263 hiatus
622 3221 655 3263 se
679 3198 844 3285 excipiant,
870 3199 1108 3278 describendae
1132 3197 1219 3263 rudis
1243 3197 1468 3283 indigestaque

195 3307 293 3371 moles
316 3305 471 3371 inutiliter
494 3306 752 3390 conglomeratur.
782 3306 847 3371 sed
869 3312 905 3371 ut
928 3306 1052 3371 facilius
1076 3329 1156 3392 quae
1178 3304 1323 3369 hietuum
1348 3328 1470 3389 genera

196 3412 304 3499 magis,
327 3435 407 3498 quae
430 3411 535 3477 minus
557 3412 736 3498 frequenter
759 3423 957 3479 occurrerent
980 3419 1207 3499 agnosceretur,
1232 3412 1346 3475 classes
1375 3434 1467 3495 quas·

196 3521 267 3586 dam
292 3518 439 3585 constitui
461 3519 495 3585 in
519 3543 632 3607 easque
655 3519 796 3605 singulos
818 3520 923 3586 hiatus
948 3519 1103 3586 distribui.
1152 3518 1336 3583 Cavendum
1359 3524 1470 3582 tamen

197 3627 298 3694 estin
321 3628 380 3691 hac
403 3626 533 3703 ratione,
559 3650 598 3691 ne
621 3627 765 3692 videatur
781 3627 948 3715 Appianas
964 3653 1025 3715 quo
1049 3627 1173 3715 saepius
1189 3625 1327 3710 aliquem
1342 3625 1470 3690 hiatum

198 3733 358 3803 admiserit
381 3757 417 3798 eo
440 3733 538 3819 magis
560 3757 615 3821 pro
639 3734 780 3821 legitimo
805 3758 877 3799 eum
898 3736 1054 3801 habuisse.

305 3840 583 3927 Hispraemonitis
605 3841 766 3907 videamus
782 3842 917 3929 primum
934 3844 972 3907 de
988 3845 1086 3922 ἐπί,
1113 3846 1175 3923 ἐς,
1201 3845 1218 3908 ἕ
1231 3849 1268 3921 ξ,
1294 3844 1360 3918 ἐν,
1386 3841 1469 3906 ἔτι.

199 3951 320 4014 Anto
351 3952 367 4016 a’
379 3962 434 4016 11ί
457 3949 540 4035 (tm)
563 3956 687 4013 exstant
717 3948 838 4013 hiatus:
878 3952 907 4028 9,
923 3951 971 4015 10.
1011 3952 1123 4026 16,16.
1162 3949 1299 4023 19410.
1325 3949 1345 4011 2
1369 3947 1469 4022 2,13.

201 4059 274 4134 251,
287 4059 316 4121 6.
335 4057 408 4120 345.
423 4055 512 4144 5.*1)
530 4057 603 4134 361,
621 4057 761 4135 19431),
779 4058 827 4122 14.
851 4058 926 4134 440,
941 4059 992 4123 26.
1010 4057 1151 4135 46417.
1169 4057 1308 4131 534,15.
1326 4055 1401 4131 535,
1417 4055 1470 4117 19.

200 4164 341 4240 561124.
376 4164 449 4242 617,
464 4164 493 4227 2.
526 4165 599 4239 cel,
615 4165 663 4229 14.
697 4164 814 4242 76117.
847 4166 963 4243 859,1.
995 4165 1134 4242 86425.
1160 4154 1469 4239 1411191114.

205 4272 298 4348 1147,
314 4272 365 4337 20,

309 4417 328 4487 ¹)
347 4418 509 4485 Ubicunque
531 4435 670 4473 numerum
689 4419 819 4473 asterisco
837 4418 939 4475 notari,
958 4417 1077 4472 indicare
1096 4418 1171 4472 volui
1192 4417 1265 4470 illius
1284 4415 1383 4480 hiatus,
1405 4414 1472 4480 quia

203 4491 233 4549 iu
251 4484 331 4547 initio
350 4491 516 4547 1111111111
535 4491 657 4559 excerpti
675 4490 791 4546 alicuius
809 4499 970 4549 occurreret,
993 4490 1126 4545 rationem
1145 4505 1198 4544 non
1217 4487 1367 4543 habendam
1386 4502 1454 4541 esse.
