3067 5075
699 183 919 248 .-23„.

178 406 289 449 censeo
313 381 405 447 etiam
430 379 522 448 tertio
545 382 613 445 loco
637 383 698 447 πά
710 409 791 467 pgr·
815 378 1041 444 restituendum
1070 398 1154 452 esso,
1187 374 1270 460 quod
1300 374 1450 460 Wytten·

178 491 258 556 bach
281 487 343 553 iam
366 487 484 575 pridem
510 485 651 552 coniecit.
698 487 784 552 Nam
806 485 850 551 ibi
871 509 994 572 quoquo
1018 482 1151 548 imitatio
1168 480 1364 567 agnoscenda
1389 485 1448 544 cst:

259 597 328 682 Syr.
359 599 398 660 10
423 594 463 681 (p.
489 595 596 670 aial
621 593 718 682 sqq.):
1040 591 1116 656 Hdt.
1145 590 1232 654 131:

180 728 218 769 ex
243 702 398 790 Scipionis
429 709 459 768 et
482 700 672 770 Hannibalis
696 703 787 766 eollo·
834 725 873 766 cx
921 698 1030 765 Croesi
1085 705 1116 763 ct
1171 696 1297 763 Solonis
1352 695 1449 760 eollo·

180 809 266 897 quio:
283 811 306 898 ¹)
834 808 924 894 quio:

179 925 362 988 Σκιπίωνα.
381 970 408 982 ..
434 918 655 1007 ἐπανερέσθαι
685 915 720 983 δέ
743 930 790 991 τίς
836 925 1027 1005 Κροῖσος...
1048 917 1210 1005 ἐπειρώτα
1245 925 1317 979 τίνα
1348 908 1451 982 δεύῃ.

180 1031 228 1113 εἴη
252 1025 398 1113 δεύτερος
420 1031 488 1107 μετ’
512 1016 785 1116 Ἅλίξανόρον...
838 1048 894 1113 ρον
916 1032 984 1110 μετ’
1010 1025 1133 1091 ἐκεῖνον
1162 1026 1240 1101 ἴδοι,
1274 1026 1387 1090 doce
1397 1053 1422 1089 ω
1435 1052 1453 1091 ν

181 1131 658 1219 ιίνιδιέοίητοὶνρίτα,ιαχῦ
681 1138 794 1213 γοῦν
838 1128 898 1195 πολ
910 1159 930 1214 y
942 1155 992 1212 χο
1031 1129 1196 1219 decimariam
1249 1130 1338 1215 γῶν
1376 1138 1453 1197 oltra·

182 1240 442 1316 ἐλπίζοντα
466 1243 551 1316 ἕξειν
572 1233 614 1301 roi
638 1251 739 1326 τρίτα.
840 1246 931 1304 σέλαι.

287 1343 348 1408 Pro
371 1345 453 1432 ταχιλ
471 1344 566 1416 379,7
586 1342 739 1409 Gelenius
762 1341 897 1409 coniecit
912 1343 1009 1431 τάχα,
1026 1345 1081 1410 scd
1097 1343 1313 1430 Wyttcnbaeh
1330 1348 1451 1432 πάγχυ,

174 1460 262 1539 'quae
286 1450 462 1517 emendatio
486 1449 665 1516 felicissima
688 1449 844 1515 immerito
867 1451 1011 1536 neglecta
1035 1460 1082 1516 est
1104 1476 1123 1517 a
1146 1451 1416 1517 Mendelssohnio.

289 1559 380 1623 Haeo
415 1559 453 1623 dc
483 1557 590 1623 formis
625 1557 736 1624 ionicis
770 1565 857 1624 erant
891 1559 1032 1624 dicenda.
1080 1558 1164 1623 Nam
1188 1559 1273 1646 quod
1297 1560 1395 1633 838,l
1422 1558 1453 1621 in

184 1666 343 1732 codicibus
366 1674 413 1733 est
436 1667 604 1734 ἐπιπλέειν
628 1672 659 1730 et
675 1665 833 1731 interdum
849 1672 1005 1748 βασιλέες,
1031 1677 1153 1751 ἱππέες,
1178 1668 1300 1732 nullom
1322 1667 1454 1733 auctori·

183 1782 281 1841 tatem
319 1799 356 1839 ea
388 1775 513 1840 habent.
567 1773 619 1838 De
658 1774 690 1854 ἐς
724 1768 775 1852 οὗ,
805 1777 922 1846 ἐπείτε,
971 1776 1041 1840 aliis
1071 1776 1153 1841 iufra
1183 1775 1243 1841 crit
1272 1775 1454 1839 dicendum.

185 1881 254 1947 larn
279 1880 441 1947 videamus
465 1907 544 1969 quae
568 1882 607 1948 ad
631 1883 830 1949 Herodotum
853 1882 917 1949 sint
939 1883 1102 1949 referenda

561 2062 611 2128 do
644 2086 725 2127 usu
759 2062 1087 2149 pronominum.

291 2207 394 2292 Atque
411 2229 502 2272 usum
524 2205 692 2272 formarum
717 2201 765 2285 od,
792 2208 827 2274 οἶ
845 2216 912 2286 (oi),
939 2217 1034 2294 aquia,
1062 2220 1155 2293 optor,
1181 2215 1264 2293 σφοῖς
1288 2204 1457 2291 Appianas

186 2313 348 2378 Herodoto
382 2337 445 2377 non
480 2313 582 2393 debet,
618 2340 689 2381 eum
723 2341 822 2405 paone
850 2316 991 2380 omnium
1022 2313 1109 2378 illius
1132 2312 1243 2377 aetatis
1267 2313 1456 2398 scriptorum

184 2419 357 2485 communis
388 2419 429 2485 sit
462 2423 503 2502 (r.
540 2421 641 2488 Oobet
664 2424 740 2491 Var.
765 2425 857 2490 Ιοολ.1
881 2427 970 2509 301).
1022 2423 1086 2489 Sed
1109 2422 1193 2509 quod
1217 2419 1314 2485 dativi
1337 2421 1456 2484 formas

185 2537 223 2608 ol,
249 2528 347 2619 αὐτῷ,
373 2521 489 2609 αιἰιοῐς,
516 2528 593 2594 alias
616 2554 708 2618 saepe
733 2556 770 2597 oa
793 2530 913 2596 ratione
937 2529 1065 2595 adhibet
1088 2554 1167 2618 quae
1196 2554 1215 2594 a
1244 2527 1460 2615 grammaticis

184 2635 344 2701 relationis
368 2635 494 2701 nornine
517 2636 720 2722 significatur,
753 2639 787 2703 id
814 2639 920 2724 aliqua
953 2663 991 2702 er
1023 2645 1110 2725 parte
1150 2636 1366 2701 Herodoteum
1400 2642 1458 2711 est,

185 2741 367 2830 praesertim
397 2766 466 2807 cum
498 2734 671 2810 similitudo
702 2745 883 2810 Herodotea
922 2745 1081 2809 interdum
1112 2744 1207 2808 etiam
1239 2742 1308 2807 aliis
1332 2741 1461 2806 indiciis

185 2850 342 2937 probetur,
366 2851 454 2916 velut

361 2958 469 3037 ital
493 2956 621 3047 (Goth
1048 2960 1091 3023 H.
1120 2961 1247 3026 vias:

186 3062 798 3158 ἐλίμαινενοῦνὸστραοὸς
843 3068 1461 3157 λιμαινούσηςοὶτῆςσιρα·

188 3199 209 3236 α
223 3174 243 3239 ri
256 3199 274 3235 ι
286 3180 312 3264 qi
334 3185 388 3239 καὶ
405 3172 463 3260 τήν
479 3178 567 3241 πόαν
593 3179 794 3266 ἠρτοποίουν.
844 3186 920 3263 aar]
932 3202 956 3251 ς.

293 3280 434 3347 Verbum
469 3284 634 3369 ἐλίμαινεν
670 3284 837 3368 hlusgruve
871 3293 903 3350 et
932 3284 1210 3370 Schweighaeuser
1243 3306 1282 3346 ex
1313 3288 1461 3368 corrupto

187 3389 369 3475 ἐδείμαινον
401 3376 543 3453 Candido
577 3388 655 3454 duce
685 3390 897 3456 restituerunt.
945 3389 1133 3455 Emendatio
1166 3397 1270 3454 autern
1295 3392 1379 3451 certa
1403 3396 1461 3466 est,

188 3519 365 3582 quanquam
389 3495 518 3583 reliquis
541 3496 617 3562 locis
641 3522 702 3560 riou
727 3501 896 3584 λιμαίνιιν,
914 3500 969 3563 sed
993 3502 1163 3585 λιμοὶιτειν
1178 3495 1343 3583 Appianas
1368 3495 1463 3582 serip-

187 3603 236 3668 sit.
284 3601 348 3667 Sed
371 3609 493 3689 praeter
516 3605 644 3668 verbum
668 3603 748 3669 illud
772 3605 988 3669 Herodoteum
1011 3605 1142 3670 similior
1165 3612 1211 3670 cst
1235 3603 1464 3688 Thucydideus

187 3711 239 3774 hic
262 3711 364 3775 locos:
390 3710 428 3774 Π
444 3713 548 3788 101,ἷ)
565 3715 584 3801 ἡ
609 3709 743 3803 στρατια
758 3715 847 3780 σῖτόν
859 3740 894 3779 τε
907 3716 962 3781 οὐκ
986 3716 1070 3798 εἶχεν
1087 3739 1108 3776 α
1121 3715 1139 3779 d
1152 3740 1169 3776 ι
1181 3712 1207 3801 qi
1230 3720 1285 3778 aui
1309 3713 1374 3777 ιῗπὸ
1401 3737 1463 3792 χιι·
1509 3782 1513 3795 1

186 3828 291 3907 μοῖνος
314 3821 541 3909 ἐταλαιπώρει.
589 3817 778 3905 Quanquam
809 3843 910 3904 neque
943 3818 1099 3884 Herodoti
1131 3817 1234 3906 nequo
1264 3818 1464 3905 Thucydidis

188 3928 260 3992 talis
293 3950 367 3990 usus
399 3925 542 4013 proprius
573 3933 627 4004 est,
662 3927 716 3992 scd
744 3951 800 4015 por
830 3934 928 3991 totam
955 3926 1157 4012 graecitatem
1190 3931 1234 4007 (et
1256 3926 1464 4010 latinitatem)

190 4034 335 4100 rnarmvit.
383 4034 564 4100 Herodotus
587 4043 692 4101 autem
715 4059 836 4122 semper
859 4034 1018 4100 enclitieas
1042 4035 1156 4099 formas
1180 4042 1217 4112 οί,
1243 4058 1296 4121 σφι
1321 4041 1462 4119 usurpat,

189 4287 256 4367 solrn
274 4285 318 4340 die
336 4286 552 4354 gewdhulichere
573 4287 652 4342 Forrn
670 4285 741 4339 πάνυ
760 4289 810 4342 ant
828 4287 931 4342 Kosten
951 4304 1002 4342 von
1022 4283 1112 4356 πάγχυ
1132 4252 1277 4341 herstellen
1296 4285 1362 4343 will,
1385 4286 1399 4339 f
1405 4285 1416 4338 i
1432 4303 1463 4340 n·

190 4379 250 4433 det
268 4390 404 4432 ansero
423 4375 565 4431 Bcifall
584 4378 708 4432 nicht«

302 4464 321 4536 ¹)
341 4466 453 4522 Luciau.
472 4467 501 4522 in
519 4467 636 4537 Dialogo
655 4468 739 4524 Mart.
758 4467 815 4522 XII
833 4466 902 4522 nihil
919 4467 952 4521 ab
971 4466 1111 4523 Herodoto
1130 4478 1269 4524 mutuatus
1287 4478 1336 4525 est.
