3067 5075
630 266 806 329 -9„.

68 462 154 550 γάρ·
175 461 179 546 Ι
200 464 219 547 ἡ
243 469 304 549 μὲν
326 461 391 547 ὄηΙ
433 457 470 528 σύ
494 460 609 546 demi
672 459 745 525 Hac
768 483 840 525 cum
863 458 1003 526 oratione
1025 458 1052 526 si
1075 458 1146 547 quis
1171 483 1266 528 unam
1302 483 1342 526 er

75 565 188 632 ceteris
223 588 299 653 (pras
321 565 483 655 Appianas
511 565 686 654 composuit
723 564 958 655 comparaverit,
992 565 1100 633 statim
1132 568 1247 636 sentiet
1278 591 1343 635 non

69 672 257 761 Appianum
278 672 379 761 ipsum
404 671 510 739 nativo
533 695 676 750 sermone
699 673 752 740 hic
775 673 872 762 loqui,
895 674 951 740 sed
974 679 1011 739 ut
1031 673 1218 762 prudentem
1241 673 1342 741 Herc·

70 779 137 845 doti
162 779 358 846 imitatorem.
406 781 519 868 Itaque
553 780 648 866 longe
671 781 826 847 arcendus
860 787 907 846 est
940 779 967 846 is
1002 804 1095 856 error,
1131 779 1220 867 quasi
1247 799 1343 848 unam

70 889 242 954 alteramve
264 887 456 953 locutionem
479 887 518 952 de
541 886 705 954 Herodoto
728 887 896 975 Appianas
919 886 1085 976 arripuerit
1107 893 1143 955 ut
1168 911 1260 953 suum
1284 910 1342 954 ser·

70 1019 196 1061 monem
220 995 394 1071 adornaret,
420 994 474 1059 sed
491 993 666 1062 Herodctei
680 993 747 1060 stili
760 994 975 1082 proprietates,
993 993 1189 1061 describendi
1203 994 1343 1061 nativam

70 1109 171 1168 artem
194 1101 319 1189 penitus
341 1101 465 1168 imbibit
488 1101 584 1188 inque
605 1125 716 1168 sucum
740 1109 772 1168 et
801 1100 987 1188 sanguinem
1014 1107 1156 1190 receptas
1186 1100 1344 1189 sapienter

70 1208 234 1296 usurpavit
255 1209 392 1275 maximo
416 1209 460 1274 cis
484 1207 560 1274 locis
584 1209 639 1296 qui
661 1233 724 1275 non
759 1215 825 1274 tam
858 1209 899 1276 ad
931 1233 981 1276 res
1014 1217 1118 1296 gestae
1155 1208 1343 1275 enarrandas

70 1340 165 1403 quam
188 1317 228 1384 ad
252 1315 532 1403 descriptiunculas
564 1324 597 1381 et
630 1314 786 1383 orationes
819 1315 974 1381 ornandas
1007 1314 1168 1382 servirent.
1225 1314 1343 1383 Nostro

69 1447 144 1489 vero
167 1425 237 1490 loco
259 1429 384 1511 praeter
407 1423 573 1487 verborum
596 1429 628 1488 ct
659 1422 885 1489 sententiarum
923 1421 1173 1503 similitudinem,
1208 1423 1343 1490 imitatio

70 1555 108 1598 ec
132 1531 245 1597 certior
268 1536 324 1608 cst,
360 1529 444 1616 quod
478 1530 539 1596 nisi
562 1530 719 1596 Herodoti
742 1530 910 1617 Appianas
944 1528 1146 1611 meminisset,
1181 1554 1221 1597 ex
1255 1553 1343 1617 argu·

69 1638 170 1705 menti
192 1637 310 1704 narrati
332 1636 453 1703 ratione
477 1638 597 1704 occasio
622 1637 675 1702 vix
699 1638 833 1703 dabatur
865 1637 938 1703 talis
971 1636 1120 1705 orationis
1143 1638 1342 1706 inserendae:

70 1746 267 1836 παρενθήκη
292 1743 377 1811 anim
399 1751 447 1810 cst
468 1744 526 1809 illa
549 1745 589 1811 dc
617 1744 764 1811 Seleucia
787 1745 914 1811 condita
936 1745 1082 1824 narratio,
1118 1768 1199 1832 qnae
1231 1743 1345 1836 incipit

70 1877 89 1918 a
112 1852 216 1919 verbis
238 1865 318 1940 φασὶ
342 1856 378 1920 de
401 1855 499 1945 αὐτηῖ.
526 1851 650 1938 -Neque
672 1875 745 1917 vero
769 1852 883 1918 inutile
906 1859 954 1918 cst
968 1851 1225 1933 animadvertere,
1249 1877 1343 1941 quam

69 1959 255 2047 simpliciter
277 1966 309 2025 ct
330 1958 476 2025 similiter
498 1966 568 2047 post
590 1966 756 2046 utramque
779 1958 952 2024 orationem
981 1959 1053 2026 finis
1076 1958 1255 2048 imponatur
1276 1984 1342 2026 nar·

69 2066 163 2133 ratis:
200 2076 360 2155 (Κροῖσος)
395 2069 536 2148 οἰκούσας
566 2079 705 2150 συνὲγνιο
741 2072 879 2138 ἑαυτοῦ.
895 2121 901 2133 .
916 2100 945 2135 .;
973 2077 1087 2138 'reem
1184 2067 1345 2139 εἰπόντων

70 2179 87 2241 ὁ
111 2171 262 2255 βασιλευς
285 2173 373 2261 ἥσθη
388 2186 445 2241 καῖ
461 2185 607 2256 συνέγνω,
647 2172 807 2261 Deinceps
830 2173 916 2242 narei
939 2184 999 2261 priv
1022 2176 1060 2263 ep*
1086 2204 1112 2242 r.
1138 2184 1191 2266 Κρ.
1216 2178 1248 2241 cl.
1273 2177 1344 2263 ἴσχε

70 2281 174 2350 oiiror:
202 2280 319 2348 Τοιάδε
342 2289 403 2367 μὲν
426 2278 602 2368 ἐπυθόμην
626 2306 660 2346 π.
684 2287 718 2346 Σ.
766 2280 883 2348 Verbis
914 2288 1020 2346 autem
1054 2278 1201 2373 Σελεύκῳ
1235 2285 1271 2350 δὲ
1304 2282 1344 2348 ad

70 2388 202 2453 alteram
226 2386 436 2454 narrationem
459 2385 580 2464 transit,
605 2385 644 2451 de
668 2410 730 2472 qua
752 2393 861 2474 postea
884 2387 998 2453 dicam.

61 2521 65 2528 ·
178 2495 288 2583 Atque
311 2494 387 2561 locis
410 2492 474 2560 illis
496 2493 687 2563 Herodoteis
711 2495 798 2561 191,
822 2495 940 2562 11165
963 2495 1077 2563 addam
1101 2494 1196 2564 etiam
1212 2496 1268 2564 IX
1286 2499 1343 2565 16:

72 2603 123 2671 ὅτι
147 2605 219 2671 δεῖ
239 2612 395 2686 γενέσθαι
418 2606 454 2671 ἐκ
478 2612 534 2672 τοῦ
558 2612 648 2675 θεοῦ,
674 2603 923 2690 ἀμήχανον
952 2607 1144 2699 ἀποτρέψαι
1166 2604 1347 2697 ἀνθρώπῳ.

75 2710 162 2794 Quas
197 2708 370 2775 sententias
405 2733 466 2795 qno
501 2709 594 2775 modo
618 2709 713 2775 etiam
736 2711 909 2777 Pausanias
932 2709 1073 2777 inritatus
1096 2712 1147 2792 sit,
1171 2711 1349 2779 Plundtner

71 2818 93 2882 l.
129 2817 151 2882 l.
188 2815 318 2904 exponit
352 2840 423 2903 pgg.
462 2818 503 2882 10
526 2840 592 2902 sqq.
640 2815 778 2883 Omnino
814 2819 906 2884 valde
941 2819 1143 2886 consentiunt
1175 2817 1360 2885 Pausanias.

73 2928 105 2989 ct
129 2922 292 3011 Appianas
314 2922 347 2987 in
371 2946 408 2987 eo
431 2928 467 2993 nt
490 2923 622 2989 eandem
645 2922 709 2988 fere
733 2924 773 2989 de
796 2924 844 2989 dis
873 2931 906 2991 et
939 2925 1004 2992 fato
1038 2925 1217 3015 opinionem
1254 2949 1348 3013 quam

73 3030 257 3096 Herodotus
279 3030 425 3097 habeant.
471 3028 576 3115 Quam
600 3054 639 3096 cx
655 3031 818 3098 Herodoto
841 3031 1006 3099 oriundam
1029 3056 1096 3101 csse
1118 3033 1214 3101 etiam
1236 3033 1349 3120 siquis

74 3136 252 3224 negaverit,
278 3138 362 3224 quod
385 3138 425 3203 de
447 3137 577 3204 summis
601 3139 694 3205 rebus
717 3138 883 3227 opiniones
917 3164 935 3205 c
970 3140 1112 3226 legendis
1145 3140 1349 3229 scriptoribus

74 3243 160 3311 nauci
184 3268 248 3309 non
270 3245 421 3310 deberent
445 3250 476 3310 ct
498 3245 582 3331 quod
605 3245 702 3311 totius
724 3246 843 3312 saeculi
865 3247 952 3314 illias
984 3247 1164 3336 superstitio
1198 3247 1238 3313 ad
1272 3246 1356 3314 talia.

73 3351 306 3418 inclinavisset:
331 3358 437 3417 tamen
460 3375 552 3416 nemo
575 3376 690 3438 negare
713 3354 830 3442 poterit
852 3362 1020 3441 utrumque
1043 3355 1076 3420 in
1108 3353 1349 3443 pronuntiandis

74 3459 139 3525 illis
163 3458 361 3547 opinionibus
391 3481 484 3545 sacpc
519 3459 706 3547 expressisse
740 3462 836 3526 verba
858 3461 1025 3527 Herodoti,
1071 3462 1117 3528 Ut
1150 3460 1248 3548 igitur
1281 3484 1348 3549 per·

73 3592 147 3653 garn
170 3565 204 3630 in
227 3567 286 3630 hac
309 3588 345 3631 re
367 3564 406 3630 dc
429 3564 580 3653 Appiano
603 3567 855 3646 demonstranda,
880 3567 1016 3656 primum
1040 3567 1255 3635 (consideretur
1287 3567 1354 3633 sin.

73 3671 195 3759 galeris
218 3672 266 3739 vis
289 3678 321 3738 ct
343 3670 530 3757 significatio
554 3673 719 3739 verborum
742 3675 808 3743 i'da
832 3682 864 3741 et
887 3685 968 3765 χρῆν
994 3675 1043 3741 bis
1066 3674 1100 3740 in
1122 3674 1290 3763 exemplis:

156 3780 254 3845 Pnn.
282 3781 359 3844 122
382 3778 426 3865 (p.
451 3780 527 3857 309,
555 3781 621 3869 12);
924 3783 1025 3849 Hdt.
1051 3783 1082 3851 V
1106 3784 1165 3848 33:

76 3891 187 3967 ...aie
209 3889 283 3967 τους
307 3889 554 3976 Καρχηδονίους.
580 3895 611 3954 εἰ
636 3892 688 3957 arl-
735 3895 778 3972 ὠς
816 3892 1081 3971 decadem...2;
1130 3887 1188 3959 adv
1235 3888 1349 3968 Νάξον

76 3995 391 4064 τίκα.,.ἓπίοεντο.
418 3992 687 4084 ..circonspecta
734 3999 908 4080 διαβάλοι.
949 4011 1004 4067 καὶ
1039 4001 1112 4071 (ori
1138 3994 1224 4085 γάρ
1246 3997 1349 4064 ides·

75 4111 134 4172 νῦν
159 4095 216 4172 οὖν
243 4104 440 4175 (ἁλῶναι
473 4096 558 4190 γαρ
592 4102 690 4169 i'der
735 4109 837 4197 τούτῳ
869 4114 916 4198 τῷ
950 4108 1051 4196 στόλῳ
1077 4109 1284 4183 Ναξίους
1314 4105 1348 4171 ci·

78 4206 386 4299 Καρχηδόνα)
435 4209 507 4275 τότε
552 4216 613 4296 μὲν
658 4213 691 4291 ἐς
736 4218 1002 4288 molendas)
1048 4220 1182 4304 πρῆγμα
1224 4208 1349 4279 τοιόνδε

75 4318 181 4405 μόνην
204 4319 362 4394 ἐπίδειξιν
384 4317 598 4384 ἐπέπλευσαν.
612 4370 639 4382 ..
736 4329 930 4410 συνηνείχθη
953 4328 1118 4404 γενέσθαι.

75 4422 115 4489 cf.
142 4423 222 4488 Hdt.
247 4422 302 4487 IX
327 4424 388 4488 109
423 4432 463 4523 τῇ
486 4425 521 4491 δὲ
544 4431 651 4505 κακῶς
678 4422 764 4515 γάρ
799 4427 900 4493 i'dss
936 4441 1088 4524 πανοικίη
1124 4434 1279 4510 γενέσθαι
1317 4430 1350 4490 et

77 4531 116 4596 ΙΙ
132 4532 204 4595 101.
230 4530 280 4597 IV
296 4532 347 4594 70.
373 4531 424 4597 VI
441 4522 513 4597 135.
538 4532 692 4600 Villae.

1121 4644 1136 4692 2
