3067 5075
680 234 901 298 ..ssg--

153 435 339 519 οἷηιεμένον.
352 470 395 480 -
407 431 516 506 9703
539 433 696 520 ἐξέπληξε
717 439 818 514 μὲν..
833 431 1007 502 ,δεδοικότι
1031 436 1066 502 δὲ
1089 434 1149 523 ἔφη
1169 432 1173 518 Ι
1194 435 1233 503 οὐ
1257 440 1323 501 τοῖν
1346 458 1437 523 παρ·

153 541 256 608 όντων
279 541 464 627 στιγμάτων
487 536 717 606 αἰσθάνεσθαι
739 539 921 627 peltant.
940 595 967 606 ..

259 647 299 711 In
322 644 399 711 locis
423 667 534 726 graece
550 642 714 731 exscriptis
737 643 862 732 saepius
878 646 982 711 adhuc
1006 646 1090 711 linea
1106 645 1225 712 directa
1248 645 1436 733 significavi

152 776 282 841 pausam
305 752 463 840 quandem
485 750 678 818 intercedere
701 750 869 818 interduo
892 755 995 820 verbe.
1036 755 1175 820 Necesse
1197 760 1245 821 cst
1267 759 1437 842 ponantur

152 860 280 925 tandem
302 859 335 924 in
359 865 528 946 conspectu
550 857 675 945 singula
696 882 867 946 pensarum
888 884 971 947 quac
994 861 1034 927 ad
1062 862 1277 927 excusandum
1302 861 1436 926 hiatum

153 968 279 1033 valeant
300 991 426 1053 genem,
450 974 495 1046 ut,
520 971 675 1054 quatenus
697 965 793 1032 IIceat
815 991 854 1032 ex
888 966 953 1033 illis
975 968 1211 1034 excusationem
1236 975 1352 1056 petere,
1378 993 1435 1033 cc·

153 1080 329 1160 gnoscctur.
360 1074 470 1159 Atque
492 1079 529 1138 ut
552 1071 692 1137 omittam
709 1071 766 1137 illa
781 1096 906 1160 genere,
923 1098 1003 1161 quae
1027 1074 1122 1141 etiam
1144 1075 1177 1139 in
1199 1075 1436 1142 recentioribus

155 1179 347 1246 editionibus
371 1179 495 1266 virgula
516 1179 702 1267 interposite
723 1178 894 1266 significari
916 1182 1028 1260 solent,
1057 1205 1119 1268 quc
1143 1182 1239 1248 ctiam
1261 1184 1434 1272 parenthe-

153 1310 222 1353 secs
244 1286 369 1375 signum
391 1286 591 1352 referendum
614 1291 661 1352 est
686 1285 736 1374 (cf.
762 1289 836 1366 203,
851 1289 903 1352 23.
927 1289 1002 1367 407,
1018 1291 1069 1355 26.
1096 1289 1237 1366 708,18.
1269 1291 1342 1366 733,
1358 1291 1432 1378 24),

154 1401 258 1461 cetere
279 1418 395 1480 genera
418 1394 573 1460 eiusmodi
589 1400 671 1472 sunt,
690 1400 726 1459 ut
739 1394 815 1460 clim
831 1394 908 1461 item
924 1395 1072 1463 distincta
1087 1395 1151 1462 sint
1165 1396 1290 1483 virgula
1303 1396 1336 1461 in
1353 1396 1431 1461 cdd.

247 1503 405 1568 Pausa
429 1500 514 1568 enim
537 1502 622 1566 valet
644 1499 741 1566 etiam
763 1507 837 1567 ante
861 1504 914 1570 οἷα
938 1502 986 1568 bis
1013 1504 1123 1579 421‚6
1158 1510 1212 1571 ἵνα
1244 1504 1347 1590 ἔχοιεν
1378 1506 1432 1582 ἐξ·

153 1623 265 1680 ουσίαν
288 1612 473 1693 καταλόγου
496 1637 532 1676 τε
555 1617 710 1699 στρατιαῖς
732 1622 788 1676 καὶ
812 1614 955 1696 πολέμου
975 1610 979 1694 t
1000 1611 1053 1677 οἶα
1078 1610 1202 1679 ὕπατοι
1226 1610 1264 1675 cf.
1297 1610 1370 1684 665,
1386 1611 1430 1689 3;

154 1724 228 1783 ante
251 1721 295 1798 cie
319 1716 536 1795 773,21-22
561 1714 646 1783 ὅθεν
669 1710 761 1807 αδτῷ
785 1720 878 1808 χάρις
900 1747 935 1785 τε
958 1731 1014 1785 καὶ
1038 1720 1122 1797 δόξα
1153 1719 1270 1805 edredi}
1293 1717 1297 1805 1
1318 1721 1361 1797 ὥς
1392 1711 1432 1783 α’-

153 1828 333 1917 προέγηιονι.
350 1847 377 1903 .;
402 1829 475 1889 ente
497 1821 708 1887 infinitivum:
735 1826 788 1901 66,
806 1825 846 1888 14
869 1838 925 1892 καὶ
957 1832 1140 1913 συνέβησαν
1172 1824 1350 1914 ἀμφότεροι
1371 1823 1374 1909 t
1398 1822 1432 1891 δ’·

155 1963 211 2026 ρον
227 1936 313 2002 εἶναι
326 1934 565 2022 Καρχηδονίας.
582 1985 588 1997 .
605 1928 656 1994 cf.
675 1931 748 2005 877,
764 1931 801 2009 7;
820 1937 892 1996 ante
916 1935 959 2012 οἷς
982 1955 1053 1996 cnm
1069 1931 1249 2019 participio:
1275 1932 1349 2007 305,
1365 1932 1429 2010 20,

156 2040 272 2116 3746.
296 2041 371 2117 380,
385 2040 438 2104 20.
462 2038 537 2112 480,
552 2039 581 2101 8.
607 2038 682 2115 603,
696 2038 725 2103 9.
758 2038 832 2113 682,
847 2039 899 2103 27.
934 2039 1007 2104 714.
1024 2039 1072 2103 15.
1099 2039 1173 2115 946,
1187 2041 1216 2104 8.
1251 2039 1344 2116 1072,
1360 2040 1428 2118 20;

156 2156 229 2215 ante
259 2145 435 2234 genitivum
459 2145 638 2210 absolutum
668 2152 723 2210 aut
753 2153 824 2233 post
854 2147 1078 2224 cum1424,3.
1113 2147 1254 2224 487,18.
1285 2146 1359 2224 609,
1374 2148 1430 2212 20.

156 2257 230 2333 685,
244 2257 274 2321 5.
300 2256 373 2327 705,
390 2255 440 2319 18.
467 2254 606 2334 709,19.
632 2254 706 2332 711,
725 2255 772 2319 12.
799 2255 872 2333 718,
891 2257 939 2319 11.
959 2255 1099 2336 728,12.
1118 2255 1258 2331 841,12.
1288 2254 1380 2327 1133,
1396 2254 1431 2317 8.

159 2364 253 2439 1147,
268 2364 303 2440 9;
332 2367 406 2427 ante
429 2366 484 2426 cut
506 2370 577 2449 post
599 2359 800 2448 participium
824 2361 908 2446 quod
932 2369 1061 2425 vocatur
1088 2358 1290 2424 coniunctum
1306 2381 1312 2422 :
1328 2363 1379 2434 66,
1400 2362 1429 2427 1.

157 2472 251 2551 84,3.
284 2471 421 2549 12311.
458 2469 594 2545 142,Ιο
632 2469 747 2546 149,1.
785 2469 856 2543 178,
871 2470 901 2533 5.
934 2467 1073 2545 20217.
1104 2467 1179 2543 204,
1194 2468 1245 2530 28.
1283 2467 1429 2541 25314.

157 2581 231 2656 254,
246 2582 275 2645 6.
301 2579 375 2644 256.
389 2578 441 2641 22.
468 2576 542 2651 291,
556 2575 586 2640 4.
612 2576 686 2654 295,
703 2576 752 2640 17.
785 2576 926 2653 30916.
957 2577 1032 2653 312,
1047 2576 1098 2639 24.
1131 2576 1206 2653 313,
1221 2578 1251 2640 6.
1284 2577 1433 2649 32017.

157 2690 231 2765 353,
246 2689 276 2752 9.
306 2686 381 2764 358,
395 2683 447 2749 24.
480 2685 554 2762 390,
568 2684 598 2748 4.
631 2684 705 2761 393,
723 2686 753 2749 3.
790 2684 864 2759 434,
880 2686 932 2748 26.
968 2684 1113 2761 44012.
1150 2684 1225 2760 453,
1241 2684 1270 2746 2.
1307 2682 1382 2755 490,
1398 2683 1433 2748 8.

156 2796 231 2868 518,
247 2795 276 2859 7.
309 2793 384 2869 522,
398 2793 428 2857 5.
462 2792 603 2868 52218.
635 2792 776 2870 56310.
812 2792 886 2869 667,
908 2793 956 2855 10.
993 2792 1068 2865 586,
1083 2791 1113 2853 5.
1139 2790 1213 2867 604,
1229 2792 1259 2854 6.
1285 2790 1360 2864 604,
1379 2792 1433 2856 19.

158 2904 232 2979 628,
247 2904 276 2966 6.
309 2900 448 2978 63619.
482 2898 557 2974 649,
571 2899 601 2961 2.
632 2897 773 2974 67410.
804 2898 878 2970 694,
892 2900 923 2962 5.
949 2899 1023 2972 685,
1038 2899 1090 2961 22.
1121 2896 1260 2971 707,12.
1287 2897 1434 2974 74311.

159 3010 232 3087 763,
248 3008 300 3073 22.
333 3007 448 3080 799,3.
481 3005 555 3081 812,
568 3006 597 3068 2.
624 3005 698 3082 840,
710 3006 761 3070 24.
793 3006 866 3082 847,
880 3006 910 3069 4.
936 3005 1010 3083 864,
1032 3007 1083 3068 22.
1107 3005 1181 3078 902,
1203 3004 1255 3068 23.
1286 3005 1432 3081 92313.

158 3117 232 3194 931,
248 3115 298 3178 14.
316 3113 454 3186 93411.
473 3112 612 3188 96619.
631 3112 705 3189 979,
719 3113 771 3175 23.
789 3113 863 3189 987,
878 3114 929 3175 21.
959 3111 1085 3186 10034.
1113 3112 1207 3189 1035,
1222 3112 1252 3173 3.
1273 3110 1434 3185 104512.

160 3222 254 3299 1064,
269 3223 298 3287 6.
327 3220 420 3295 1072,
437 3220 486 3283 13.
524 3219 684 3296 113817.
725 3221 882 3290 118019.
935 3218 998 3282 His
1021 3217 1159 3282 numeris
1182 3241 1245 3282 non
1273 3216 1437 3302 quaslibet

158 3309 330 3395 sententias
359 3324 571 3413 participiales
598 3324 729 3411 signavi,
763 3325 819 3390 sed
849 3348 901 3391 eas
923 3331 1047 3390 tantum
1071 3348 1151 3411 quae
1180 3349 1236 3417 pro
1259 3323 1435 3390 maioribus

158 3433 365 3523 hypotecticis
380 3431 544 3498 sententiis
567 3443 649 3496 sunt.
690 3431 812 3497 Tamen
840 3429 934 3496 etiam
961 3438 1032 3518 pest
1063 3430 1198 3496 minores
1233 3431 1434 3517 quantulam·

159 3563 280 3628 cunque
303 3562 433 3627 pausam
458 3537 597 3604 Graecos
630 3537 763 3603 sensisse
798 3543 829 3604 et
852 3537 922 3603 aliis
955 3545 988 3603 et
1009 3562 1046 3603 ec
1069 3539 1227 3625 probetur,
1253 3539 1336 3625 qucd
1359 3562 1433 3625 apc-

159 3642 243 3714 dcsis
275 3672 293 3713 a
321 3645 486 3735 participio
520 3668 612 3732 saepe
646 3643 831 3731 seiungitur,
856 3651 892 3709 ut
915 3644 993 3711 Hdt.
1018 3644 1110 3711 VIII
1130 3646 1174 3709 40
1213 3655 1321 3714 ταῦτα
1353 3670 1433 3713 παν·
1465 3650 1467 3655 ’

160 3760 342 3844 δανόμενοι
384 3755 501 3825 οὕτω
550 3750 599 3842 δη
646 3755 915 3842 προσεδεήθησαν
961 3765 1065 3841 σιηέοιν
1115 3770 1201 3838 σχεῖν
1244 3750 1327 3844 πρδς
1370 3754 1434 3839 τήν
1520 3822 1532 3853 .

159 3867 341 3951 Σαλαμῖνα.

266 3970 433 4035 Praeterea
464 3974 534 4056 post
557 3967 721 4054 partieipia
743 3967 849 4032 hiatus
873 3974 989 4032 exstet:
1026 3967 1136 4044 584,9
1182 3974 1242 4033 εἰσὶ
1266 3969 1292 4033 δ’
1318 3970 1354 4032 οἳ
1371 3971 1432 4046 βα·

160 4082 387 4164 σανιζομένους
423 4089 501 4164 φασὶ
524 4079 737 4163 θεράποντας
771 4083 874 4142 εἰπεῖν
897 4074 949 4142 δτι
979 4075 1083 4143 αδτδν
1115 4080 1259 4152 ξένοι...
1291 4066 1431 4140 α’ποπνί-

161 4191 260 4263 ξαιεν,
286 4197 341 4252 καὶ
365 4190 394 4250 οἱ
417 4186 605 4270 πυθόμενοι
628 4181 802 4270 ὀκνήσαιεν
818 4184 994 4264 ἐξενεγκεῖν
1018 4178 1073 4248 διδ
1097 4183 1156 4249 cdv
1180 4178 1293 4269 δῆμον]
1310 4191 1365 4247 καὶ
1388 4185 1438 4246 οἳ

160 4293 346 4377 πυθόμενοι
379 4313 450 4355 cum
484 4314 511 4355 s.
543 4291 572 4355 b.
598 4288 776 4375 Schweigh.
802 4327 844 4337 -
876 4291 1000 4365 (advoc
1027 4287 1223 4352 Herwerden
1247 4286 1268 4351 l.
1293 4288 1314 4352 l.
1348 4286 1433 4351 Mihi

160 4406 246 4491 τοῦτ’
270 4397 549 4485 Ροε1ποθόηιενοι
572 4395 697 4462 videtur
720 4394 881 4468 excidisse,
916 4393 1000 4480 qued
1032 4394 1072 4458 ad
1102 4395 1289 4481 πυθόμενοι
1323 4400 1356 4459 et
1389 4395 1432 4460 ad

160 4508 335 4596 ἐξενεγκεῖν
358 4503 561 4585 desideratur,
586 4504 625 4571 cf.
654 4505 725 4582 129,
739 4506 770 4569 3.
785 4543 827 4553 -·
852 4505 925 4580 753,
940 4504 982 4567 22
1014 4515 1071 4571 καὶ
1103 4503 1180 4570 τόδε
1210 4510 1286 4588 μὲν.
1304 4557 1309 4568 .
1325 4507 1371 4570 ,οἵ
1394 4531 1431 4571 τε
