3067 5075
695 236 914 298 -64-

264 432 480 520 »thadomor
514 432 592 497 coni.
628 429 788 508 Reiskius,
823 453 1004 517 perperam«
1044 428 1114 493 adn.
1140 429 1306 494 Praeterea
1335 427 1447 493 nescio

260 538 314 623 qui
337 540 452 605 factum
475 540 526 619 sit,
549 546 586 604 ut
607 538 663 603 ille
685 538 791 624 lapsus
815 536 926 602 calami
942 535 1141 622 ἔθνησκετον
1163 560 1219 622 pro
1241 540 1449 624 ddvqoxe'aqv

259 652 276 727 (-
287 682 304 686 —
323 647 452 735 104119)
463 669 519 734 per
533 643 749 711 adnotationes
759 643 883 709 criticas
898 667 1019 730 semper
1028 650 1261 730 propagaretur.
1273 645 1448 719 -48921

247 762 272 817 ⁹.
290 808 294 817 .
312 755 463 833 Σύλλας.
480 809 485 819 .
504 756 729 839 ,ἐναυπηγεῖτο
753 758 864 837 ἑτέρας
887 751 1002 835 (ναῦς),
1021 763 1077 818 καὶ
1092 759 1197 819 ταῦτα
1212 763 1321 835 μέντοι
1339 760 1449 818 Κίννα

260 872 315 927 καὶ
341 869 509 950 Μαρίου..
529 863 565 928 ἐν
587 856 694 957 Ῥώμη
719 860 949 952 ἐψηφισμίνων
973 861 1058 926 εἶναι
1082 862 1250 944 Ῥωμαίων
1274 856 1447 945 πολέμιον]

264 979 519 1058 »ψηφισαμένων
536 966 640 1033 Sohw.
653 966 691 1030 de
702 965 802 1029 coni«
828 964 882 1050 qui
902 966 1015 1029 collato
1029 966 1103 1042 648,
1120 967 1169 1029 16.
1181 966 1257 1040 423,
1272 967 1291 1028 8
1307 965 1449 1058 (apppe-

261 1086 409 1160 σαμίνων
420 1077 505 1143 εἶναι
518 1078 672 1160 πολίγιιον
685 1081 750 1141 τῶν
763 1073 980 1165 Μακεδόνων)
993 1071 1074 1135 illud
1085 1071 1118 1135 iu
1131 1077 1220 1136 textu
1232 1079 1316 1137 recte
1325 1072 1448 1158 posuit.

278 1179 386 1246 Vicies
408 1180 505 1265 igitur
528 1186 601 1245 ante
629 1186 833 1265 augmentum
866 1178 1054 1263 syllabicum
1087 1180 1193 1243 hiatus
1227 1179 1450 1265 agnoscendus

172 1292 228 1364 est,
253 1286 306 1372 qui
329 1310 477 1351 numerus
499 1310 598 1373 paene
622 1286 718 1373 duplo
742 1291 917 1371 augeretur,
954 1283 980 1349 si
1015 1293 1219 1370 augmentum
1252 1293 1325 1352 antc
1358 1286 1449 1373 plus-

172 1394 439 1480 quamperfectum
471 1400 594 1480 tempus
628 1392 711 1479 apud
736 1391 918 1478 Appianum
952 1391 1123 1478 genuinum
1158 1399 1248 1458 esset.
1295 1392 1359 1458 Sed
1381 1393 1449 1456 hoc

171 1524 251 1585 nego
276 1500 324 1565 his
347 1499 539 1585 argumentis
572 1498 669 1565 uisus,
716 1499 879 1564 Habemus
913 1498 946 1562 in
981 1498 1118 1568 editione
1142 1499 1450 1564 blendclssohniana

171 1607 353 1673 XXXVII
376 1607 480 1672 hiatus
504 1613 576 1671 ante
600 1607 701 1671 solum
734 1604 1084 1693 plusquamperfectum,
1121 1629 1192 1670 cum
1224 1613 1296 1671 ante
1330 1606 1449 1693 imper·

172 1712 289 1778 fectum
321 1719 352 1778 et
386 1712 536 1778 aoristum
571 1737 634 1777 una
667 1714 739 1777 XX
771 1719 894 1777 tantum
927 1712 1136 1777 inveniantur.
1183 1713 1328 1778 Profecto
1362 1714 1451 1778 mira

172 1820 251 1885 ratio
275 1822 359 1908 apud
382 1845 454 1886 eum
478 1820 532 1906 qui
554 1821 676 1885 hiatum
699 1819 825 1884 omnino
841 1820 966 1884 studeat
989 1820 1096 1885 vitare.
1133 1820 1198 1886 Sed
1221 1844 1283 1885 uon
1307 1828 1354 1886 est
1376 1821 1447 1886 ita:

172 1928 256 1992 Nam
288 1929 383 1993 verba
409 1928 532 2007 107,17
569 1928 609 2008 dg
643 1930 838 2014 e’ovtq'ueoav
873 1927 989 1992 codicis
1012 1928 1043 1994 V
1068 1937 1187 1992 certum
1222 1935 1449 2013 argumentum

171 2037 331 2121 praebent,
366 2033 509 2121 primitus
553 2033 620 2098 sinc
654 2041 822 2119 augmento
860 2033 1010 2120 scriptum
1041 2033 1138 2100 fuisse
1172 2033 1319 2100 ‘huuc
1337 2088 1342 2101 .
1358 2069 1395 2084 τ
1421 2035 1451 2103 οἳ

172 2145 390 2228 σεσυλήκεσαν,
434 2140 515 2206 sicut
553 2139 833 2226 Schweighaeuser
884 2141 1021 2227 scripsit,
1063 2141 1286 2206 blendelsschn
1335 2147 1448 2206 autern

172 2255 204 2313 et
225 2248 277 2313 hic
300 2255 331 2313 et
355 2248 465 2314 ceteris
488 2247 565 2314 locis
588 2251 604 2315 ε’
628 2249 807 2335 anteposuit
829 2248 924 2314 tacite
953 2248 1014 2313 nisi
1044 2249 1128 2335 quod
1161 2250 1258 2313 semel
1281 2247 1371 2335 (637,
1385 2250 1448 2338 21)

171 2355 205 2419 111
228 2361 318 2420 textu
342 2358 514 2442 δεδήμευτο
549 2355 617 2420 siue
640 2379 743 2440 augur.
770 2353 906 2440 reliquit.
924 2356 1020 2420 semel
1037 2354 1069 2419 iu
1085 2356 1156 2420 adn.
1174 2355 1289 2421 diserte
1306 2354 1387 2420 dixit
1404 2357 1451 2422 ad

174 2464 637 2555 ῖ99,19ἄηνωέιεαιρίνηιο;
665 2466 882 2554 »τεθορύβητο
895 2461 933 2527 Ο.
956 2461 975 2527 1.
983 2490 994 2518 ε
1022 2465 1090 2548 Age
1110 2486 1183 2527 vero
1199 2485 1352 2549 nusquam
1369 2470 1450 2529 ante

171 2572 313 2635 vocalem
329 2573 352 2639 ἄ
364 2602 386 2659 qr
400 2600 418 2639 ν
431 2601 455 2637 ω
471 2574 556 2658 App.
570 2569 685 2659 posuit,
700 2571 835 2636 sedtum
846 2575 1011 2658 αἰφνίδιον
1023 2571 1073 2636 vel
1090 2576 1258 2658 αἰφνιδίως
1269 2566 1447 2658 usurpavit,

173 2678 258 2763 quod
269 2702 298 2764 p.
313 2679 354 2742 51
372 2678 511 2764 exposui.
536 2678 622 2762 Ergo
634 2674 701 2742 sine
719 2677 815 2743 dubio
831 2677 926 2743 etiam
940 2679 1012 2755 7911,
1029 2680 1068 2741 19
1086 2668 1447 2766 αἰηνίδιονεονίρωεεοῒ,

172 2785 199 2850 si
226 2783 331 2848 hiatus
355 2784 530 2870 periculum
554 2783 673 2849 luisset.
722 2784 816 2848 Adde
840 2785 923 2870 quod
958 2784 1075 2849 circum
1098 2785 1119 2871 η’
1131 2787 1151 2852 d
1163 2814 1182 2872 η
1216 2784 1338 2851 hiatum
1372 2785 1448 2852 dili-

171 2892 351 2977 gentissime
375 2891 486 2957 vitavit
507 2890 551 2977 (v.
575 2916 626 2978 pg.
651 2893 718 2978 55).
764 2891 852 2955 Num
885 2891 981 2977 igitur
1014 2892 1076 2980 ἤδη
1111 2893 1347 2961 ἐπεπόνθεσαν
1369 2915 1448 2959 eum

174 3000 247 3076 780,
262 3000 302 3062 14
325 2998 485 3085 scripsisse
507 2997 573 3062 veri
596 2997 697 3064 simile
721 3001 790 3064 est?
834 2997 986 3083 Legimus
1015 3022 1087 3063 vcro
1112 2998 1195 3085 apud
1230 3022 1301 3064 eum
1334 3000 1380 3080 οἷς
1405 3009 1448 3069 εἴ·

171 3136 256 3197 ρητο,
288 3107 342 3171 sed
377 3107 422 3186 οἷς
456 3109 492 3174 ἐν
521 3099 648 3196 α’πορρή
661 3135 715 3196 τω
753 3104 930 3192 [illel-saro,
967 3104 1011 3190 (v,
1035 3129 1086 3192 pg.
1111 3106 1177 3194 54).
1223 3106 1267 3171 Et
1299 3107 1377 3171 haec
1414 3114 1450 3174 et

176 3213 239 3278 alia
279 3220 483 3299 augmentum
524 3213 558 3278 iu
603 3212 909 3301 plusquamperfecto
955 3212 1141 3299 syllabicam
1185 3213 1295 3299 utique
1327 3212 1361 3277 iu
1395 3237 1449 3280 su-

172 3320 344 3408 spicionem
376 3344 486 3385 vocare
530 3320 653 3386 debent.
723 3307 839 3406 Atque
867 3343 937 3384 cunr
976 3319 1145 3384 editionem
1180 3320 1357 3405 Schweigh.
1397 3321 1448 3385 in·

172 3428 333 3515 spicerem,
359 3452 398 3492 ex
420 3427 484 3493 illis
507 3427 688 3494 XXXVII
715 3427 853 3493 hiatibus
886 3427 993 3490 inveni
1016 3427 1144 3492 XXXI
1178 3429 1367 3515 absumptos
1392 3428 1448 3494 VI

171 3541 295 3599 tantum
329 3541 496 3600 restantes:
533 3541 581 3601 ter
616 3534 699 3599 euim
731 3537 906 3624 ἐγεγένητο
931 3533 1085 3618 (19122.
1121 3535 1261 3612 28713.
1298 3536 1446 3624 297,11)

171 3643 267 3707 semel
291 3645 466 3731 ἐπεποίητο
490 3645 579 3722 (310,
596 3646 660 3733 12),
686 3644 783 3708 semel
806 3642 1043 3730 ε’ίελοπήκεσαν
1059 3639 1148 3723 (203,
1164 3644 1226 3725 23),
1252 3643 1348 3707 semel
1372 3645 1447 3710 ἕπε·

172 3752 295 3835 πόγιηει
313 3747 401 3833 (923,
415 3751 457 3832 4).
496 3749 595 3836 Atqui
618 3750 719 3815 series
741 3750 935 3839 γεγίνη1ν)το
951 3748 1018 3815 sine
1034 3756 1201 3835 augmento
1217 3755 1287 3837 post
1302 3750 1447 3815 vocalem

173 3855 349 3938 exhibetur,
384 3855 432 3920 bis
466 3871 624 3945 πεποίητο
660 3855 746 3943 (282,
764 3858 812 3920 19.
852 3857 1026 3943 1104,17),
1062 3856 1176 3942 septica
1210 3857 1447 3942 plusquamper-

172 3962 290 4027 fectum
315 3961 409 4026 activi
432 3962 564 4048 generis.
601 3963 712 4029 Talem
734 3963 833 4048 igitur
853 3962 1094 4028 inconstantiam
1118 3987 1181 4028 non
1205 3963 1362 4050 Appiano,
1382 3966 1447 4029 sed

172 4068 307 4133 librariis
331 4076 362 4133 et
385 4069 611 4135 correctoribus
643 4069 780 4135 tribuere
815 4071 971 4135 debemus.
1019 4071 1133 4156 Itaque
1156 4071 1339 4157 Appianum
1373 4079 1448 4157 post

171 4177 280 4262 longas
304 4175 431 4260 quidem
454 4178 576 4243 vocales
601 4183 802 4263 augmentum
818 4177 1115 4265 plusquamperfecti
1138 4178 1277 4245 omisisse
1297 4178 1448 4264 probasse

172 4283 250 4348 mihi
272 4282 388 4348 uideor.
434 4284 515 4349 Loci
548 4290 652 4350 autem
689 4292 812 4371 praeter
846 4308 899 4350 eos
928 4309 1005 4371 quos
1044 4286 1136 4350 modo
1165 4285 1258 4350 attuli
1295 4291 1368 4350 sunt
1390 4286 1445 4350 hi:

175 4391 479 4469 1912120120.
506 4392 955 4471 26114011142514.
992 4393 1131 4468 441117,
1167 4394 1286 4469 533,6.
1322 4394 1397 4471 558,
1411 4394 1445 4458 4.

173 4499 248 4575 623,
263 4498 315 4560 23.
341 4498 414 4576 638,
432 4499 479 4561 17.
507 4499 645 4574 811122.
672 4500 782 4578 s39,8.
810 4500 970 4575 alacri.
1000 4501 1133 4578 851‚16.
1159 4500 1276 4575 88114.
1301 4500 1446 4575 catal.
