3067 5075
640 266 860 333 ..65-

112 459 188 535 943,
199 460 251 525 21.
277 461 413 535 90818.
439 461 575 538 980,10.
594 463 668 541 980,
683 464 732 528 11.
750 464 825 543 982,
835 465 887 530 22.
909 465 1002 540 1119,
1012 465 1043 529 3.
1064 464 1198 542 11244.
1228 462 1384 540 112513.

115 568 253 641 nora
282 568 431 647 111019
455 567 493 634 cf.
521 569 627 649 ldlt,5
651 570 733 639 oi‘rw
757 574 932 660 κεκόσμητο
955 570 1078 658 (Mend.
1104 568 1205 652 οὕτως
1221 569 1387 658 ἐκεκόσμη-

113 677 165 761 το)
188 673 259 739 alia.
307 673 411 759 Quam
434 682 540 741 autem
563 677 666 763 legem
689 677 727 742 de
751 685 920 764 augmento
944 684 1014 766 post
1037 701 1188 744 consonas
1220 677 1331 765 (etiam
1353 676 1387 742 in

114 781 216 847 verbis
239 780 433 869 compositis)
455 780 617 869 Appianas
640 784 859 862 observaverit,
884 783 1050 850 diiudicari
1082 808 1144 850 non
1178 790 1291 872 potest,
1326 783 1388 849 nisi

113 889 198 976 quod
220 888 395 976 euphoniae
419 888 614 976 aliquantum
637 890 784 957 tribuisse
806 891 886 956 mihi
912 892 1036 958 videtur
1059 891 1114 973 (cf.
1143 892 1215 971 198,
1229 892 1281 956 22.
1316 914 1387 979 σομ-

113 995 350 1084 μεμαχήκεσαν.
376 997 484 1075 6316
514 998 770 1088 περισέσωστο).
818 998 881 1064 Vel
916 998 999 1087 apud
1022 997 1148 1064 Atticos
1184 1006 1388 1086 angmentum

112 1102 248 1190 plnsqpf.
289 1103 408 1167 fluxum
452 1101 548 1168 fuisse
586 1109 707 1169 constat
749 1106 793 1189 (v.
826 1104 954 1191 Kriiger
984 1106 1148 1193 11911).
1217 1104 1385 1172 Atticistas

113 1208 211 1296 igitur
232 1208 298 1273 illis
322 1208 547 1276 constantiores
569 1211 629 1276 hoc
652 1210 686 1275 in
709 1234 768 1276 usu
791 1211 887 1278 fuisse
911 1236 973 1277 non
996 1211 1099 1278 simile
1123 1219 1170 1279 est
1192 1211 1268 1277 veri.

218 1316 284 1383 Sex
305 1315 355 1380 his
378 1339 454 1402 quas
477 1317 609 1383 tractavi
624 1317 769 1384 hiatuum
784 1325 857 1385 ante
873 1322 889 1384 ἐ
905 1321 1045 1386 vocalem
1062 1318 1267 1386 admissorum
1284 1319 1386 1386 classi·

0 1443 1 1448 ’
113 1427 172 1491 bns
187 1425 400 1511 adiungantur
415 1432 561 1511 quattuor
573 1425 622 1491 illi
637 1426 697 1491 loci
714 1427 827 1514 quibus
850 1451 868 1492 a
881 1451 901 1492 n
914 1433 927 1493 t
940 1452 956 1492 e
979 1429 1028 1510 r'fx
1040 1458 1065 1496 ω
1087 1427 1193 1493 hiatus
1208 1426 1385 1493 iuvenitur:

113 1535 188 1611 549,
206 1534 290 1597 2411
325 1535 362 1600 δὲ
394 1534 452 1607 acic
486 1534 683 1613 ἀποστάσεις
717 1537 802 1625 ὁρῶν
837 1532 971 1610 ποκνάς,
1007 1548 1064 1603 καὶ
1097 1536 1156 1602 riv
1188 1536 1327 1625 στρατὸν
1349 1537 1388 1602 ἐν

112 1644 245 1732 ὑποψίᾳ
268 1640 359 1725 ἔχων,
384 1636 444 1725 μή.
461 1694 489 1705 ..
512 1639 588 1715 558,
602 1640 644 1703 22
672 1641 721 1707 ε”τι
743 1642 826 1726 ἔχων
849 1652 946 1708 πίντε
969 1654 1025 1709 καὶ
1049 1640 1233 1732 τριάκοντα.
1258 1640 1387 1716 88418

114 1747 253 1834 στρατόν
277 1747 313 1812 δὲ
338 1747 453 1813 οὐδένα
488 1774 539 1813 ποι
563 1746 689 1832 ἔχοντες
721 1751 816 1815 ἴδιον.
867 1747 1012 1825 1007,21
1048 1750 1085 1816 ἐν
1117 1741 1273 1841 ἀριστερᾷ
1305 1749 1389 1835 ἴχων

112 1854 267 1920 Σικελίαν
289 1864 346 1919 καὶ
368 1838 551 1939 Πομπήιον,
614 1855 618 1864 '

219 1958 364 2024 Profecto
387 1959 502 2024 mirum
525 1967 615 2036 essct,
639 1960 666 2025 si
681 1961 849 2049 Appianas
873 1985 981 2028 omnes
1003 1963 1060 2027 hos
1076 1960 1181 2028 hiatus
1200 1960 1386 2043 admisisset,

113 2089 247 2152 quornm
270 2071 333 2130 tres
356 2063 507 2130 facillimo
529 2067 655 2151 negotio
678 2067 778 2133 vitare
800 2068 913 2154 potuit.
960 2070 1010 2133 An
1034 2068 1195 2134 difficilius
1216 2076 1272 2135 aut
1294 2070 1387 2136 auda·

112 2171 796 2264 919991919911119191τὸνστρατόνῖχων
818 2179 867 2243 ἐν
889 2180 1099 2270 ὑποψίᾳ,
1117 2176 1273 2265 μήν-ἔτη
1287 2190 1388 2245 πέντε

112 2282 196 2367 ἔχων
229 2293 284 2348 καὶ
316 2283 500 2370 τριάκοντα.
526 2319 568 2328 -
600 2285 637 2351 ἐν
671 2276 828 2376 ἀριστερᾷ
849 2287 1001 2351 Σικελίαν
1025 2284 1130 2369 ε”χιονῖ
1176 2282 1388 2350 Inveniuntur

116 2385 244 2473 quidem
267 2387 360 2453 multi
382 2386 416 2452 in
439 2387 580 2475 Appiani
604 2388 692 2455 libris
715 2388 821 2454 hiatus
849 2389 1013 2476 multoque
1036 2388 1193 2475 graviores
1216 2387 1386 2468 interdum,

0 2577 7 2588 ,
113 2494 170 2560 sed
209 2492 271 2560 rari
308 2501 382 2560 sunt
419 2494 449 2560 ei
489 2518 566 2582 quos
612 2495 698 2562 facili
742 2495 983 2585 transpositione
1025 2495 1124 2563 vitare
1169 2496 1282 2585 potuit.
1351 2496 1388 2566 Si

113 2608 221 2667 autem
245 2608 276 2667 91
299 2601 474 2689 euphoniae
498 2602 638 2669 studium
662 2603 803 2692 Appiani
827 2626 921 2691 quam
943 2603 1124 2690 frequenter
1146 2604 1294 2692 varieque
1318 2629 1387 2672 eon·

110 2708 254 2796 spicuum
278 2709 319 2774 sit
340 2708 588 2796 reputaverimus
611 2716 643 2776 et
665 2734 758 2796 quam
783 2711 986 2796 neglegenter
1006 2711 1191 2799 plerumque
1214 2712 1333 2778 librarii
1354 2713 1388 2779 in
1489 2704 1493 2713 ¹

116 2815 220 2880 verbis
243 2815 400 2901 scriptoris
422 2822 506 2881 recte
538 2816 728 2883 collocandis
762 2840 796 2882 se
836 2816 999 2902 gesserint,
1033 2818 1113 2884 tales
1145 2819 1250 2885 hiatus
1283 2843 1388 2886 nonne

115 2921 251 2987 librariis
275 2946 369 3009 qnam
392 2923 541 3011 Appiano
564 2924 702 2990 tribuere
726 2925 902 2989 malemus‘?

222 3029 332 3116 Atque
354 3029 436 3096 sicut
458 3038 531 3097 ante
553 3034 619 3109 ἐπί,
644 3033 686 3112 ἐς,
710 3034 755 3109 ἐν,
781 3034 818 3110 ἐξ
840 3030 964 3119 saepius
985 3030 1091 3098 hiatus
1114 3031 1327 3106 inveniuntur.
1342 3034 1388 3101 ita

114 3159 158 3202 ne
180 3139 271 3205 91νά
283 3192 291 3215 ,
328 3140 352 3202 οἷ
364 3140 421 3202 πό
433 3191 441 3215 ,
477 3135 498 3207 ri
510 3140 567 3206 πό
601 3136 729 3224 quidem
762 3137 1008 3226 praepositiones
1030 3146 1158 3227 propter
1191 3139 1388 3228 frequentem

114 3267 208 3309 usum
241 3250 353 3309 vacant
375 3244 529 3314 hiatibus:
565 3245 709 3331 quaterni
743 3245 828 3311 enim
862 3251 935 3312 ante
966 3270 1219 3334 unamquamque
1253 3254 1387 3331 exstant,

113 3350 171 3415 sed
195 3373 258 3415 non
282 3374 389 3417 omnes
413 3350 500 3417 certi.

222 3459 255 3522 A
268 3464 343 3524 nte
367 3461 389 3527 ἀ
403 3487 421 3527 ν
433 3458 474 3527 oi:
498 3460 573 3537 543,
589 3460 627 3523 16
650 3462 707 3527 adv
721 3454 778 3529 οὖν
789 3462 963 3548 Πομπήὶον
978 3462 1034 3528 ἐπὶ
1051 3468 1091 3559 τῇ
1106 3467 1230 3553 ἱστορίᾳ
1246 3465 1386 3532 ἀνιόντα

113 3571 147 3631 οἱ
169 3574 229 3652 μὲν
251 3565 345 3632 ἄλλοι
359 3563 498 3652 -1701,
513 3567 571 3654 21)
593 3579 648 3634 καὶ
673 3560 763 3656 αάτρῖ
786 3580 841 3634 καὶ
864 3569 924 3654 τήν
949 3574 1055 3635 οἰκίαν
1071 3578 1127 3634 καῖ
1150 3568 1208 3646 τάς
1234 3568 1388 3650 ἐπαύλεις

111 3674 151 3760 (q‘
172 3675 287 3760 βουλή)
310 3676 424 3761 ἀνίστη
447 3676 550 3740 τέλεσι
573 3669 699 3758 κοινοῖς]
740 3677 761 3761 ἡ
795 3673 895 3759 βουλή
932 3671 1111 3758 Schweigh.
1146 3673 1309 3761 proposuit
1342 3675 1382 3741 in·

111 3780 291 3855 serendum,
316 3779 423 3846 Mend.
449 3779 575 3868 recepit.
615 3780 680 3847 Sed
703 3779 826 3845 etiamsi
849 3778 906 3844 illa
929 3803 988 3844 vox
1013 3778 1193 3846 excidit-
1216 3781 1300 3868 quod
1323 3806 1387 3848 non

111 3885 224 3973 ntique
263 3892 383 3952 certum
416 3892 464 3952 est
498 3925 542 3934 —
575 3878 680 3952 temeri
718 3887 806 3951 locus
839 3886 971 3951 lacunae
1004 3884 1139 3951 stabiliri
1176 3909 1254 3952 non.
1269 3896 1385 3976 potest;

111 3992 208 4059 etiam
225 4000 295 4080 post
311 4002 418 4062 οἰκίαν
432 3992 575 4059 excidere
587 3991 750 4079 11911111-
761 3993 836 4068 807,
850 3994 870 4057 2
894 3992 968 4061 τότε
980 3992 1019 4081 δή
1032 4005 1088 4061 καὶ
1100 4000 1129 4061 91
1144 4003 1387 4083 μεμισθωμένοι

112 4102 326 4190 ἀνεθάρρουν
349 4103 406 4180 ἀς.
423 4100 566 4174 .865,18
590 4122 656 4186 sqq.
680 4103 717 4168 ἐν
740 4118 811 4176 ταῖς
834 4109 947 4179 teate.
964 4152 1009 4177 ..‚
1035 4099 1075 4180 ἀς
1097 4096 1196 4179 αὐτός
1217 4096 1238 4164 et
1260 4110 1387 4194 Καῖσαρ

110 4209 215 4274 ἐτέλει
246 4206 250 4291 l
280 4208 501 4292 ἀνακειμένας
521 4207 570 4273 *dx
604 4215 661 4275 τοῦ
695 4208 820 4296 πατρὸς
853 4208 1021 4303 Ἀφροδίτῃ
1055 4218 1234 4297 νενετείρᾳ,
1268 4207 1386 4301 ὅτεπερ

111 4314 203 4413 αὐτῇ
233 4325 289 4381 καὶ
323 4315 381 4382 τάν
415 4314 497 4383 νεάν
522 4309 540 4380 ὅ
562 4311 671 4405 πατήρ
694 4316 752 4381 τόν
774 4316 811 4382 ἐν
833 4316 940 4405 ἀγορᾷ
963 4312 1035 4399 ἅμα
1059 4306 1143 4412 crispi
1176 4313 1281 4405 ἀγορᾷ
1316 4317 1386 4384 ἀνε·

108 4418 214 4507 τίθει]
240 4418 332 4484 Prius
355 4419 437 4485 illud
458 4422 560 4488 ἐτέλει
579 4419 584 4506 l
605 4423 840 4508 ἀνακειμένας.
856 4474 862 4488 .
878 4442 991 4506 pausa
1013 4419 1155 4486 excusari
1185 4419 1304 4485 clarum
1328 4430 1385 4501 est,

111 4526 292 4612 Schweigh.
318 4526 441 4612 virgula
468 4525 673 4614 interpunxit.
720 4526 846 4592 Deinde
879 4526 1082 4592 inumerabilc
1112 4533 1159 4592 est
1192 4527 1385 4613 hyperbaton

961 4638 976 4684 9
