<?xml version="1.0" encoding="UTF-8"?>
<!DOCTYPE html PUBLIC "-//W3C//DTD XHTML 1.0 Transitional//EN"
    "http://www.w3.org/TR/xhtml1/DTD/xhtml1-transitional.dtd">
<html xmlns="http://www.w3.org/1999/xhtml" xml:lang="en" lang="en">
 <head>
  <title>
</title>
<meta http-equiv="Content-Type" content="text/html;charset=utf-8" />
  <meta name='ocr-system' content='tesseract 3.04.00' />
  <meta name='ocr-capabilities' content='ocr_page ocr_carea ocr_par ocr_line ocrx_word'/>
</head>
<body>
  <div class='ocr_page' id='page_1' title='image "./quaestionesappi00zerdgoog_0087.png"; bbox 0 0 3067 5075; ppageno 0'>
   <div class='ocr_carea' id='block_1_1' title="bbox 0 0 3 1514">
    <p class='ocr_par' dir='ltr' id='par_1_1' title="bbox 0 0 3 1514">
     <span class='ocr_line' id='line_1_1' title="bbox 0 0 3 1514; baseline 0 0"><span class='ocrx_word' id='word_1_1' title='bbox 0 0 3 1514; x_wconf 95' lang='lat' dir='ltr'> </span> 
     </span>
    </p>
   </div>
   <div class='ocr_carea' id='block_1_2' title="bbox 459 256 802 364">
    <p class='ocr_par' dir='ltr' id='par_1_2' title="bbox 459 256 802 364">
     <span class='ocr_line' id='line_1_2' title="bbox 459 256 802 364; baseline 0.003 -2"><span class='ocrx_word' id='word_1_2' title='bbox 459 256 802 364; x_wconf 69' lang='lat' dir='ltr'>·-arss-</span> 
     </span>
    </p>
   </div>
   <div class='ocr_carea' id='block_1_3' title="bbox 0 489 1354 4641">
    <p class='ocr_par' dir='ltr' id='par_1_3' title="bbox 49 489 1325 1122">
     <span class='ocr_line' id='line_1_3' title="bbox 51 489 1324 589; baseline -0.002 -22"><span class='ocrx_word' id='word_1_3' title='bbox 51 503 173 587; x_wconf 72' lang='grc' dir='ltr'><strong><em>πρῶτοι</em></strong></span> <span class='ocrx_word' id='word_1_4' title='bbox 196 508 258 587; x_wconf 79' lang='grc' dir='ltr'>μὲν</span> <span class='ocrx_word' id='word_1_5' title='bbox 281 499 353 587; x_wconf 76' lang='grc' dir='ltr'>ἅμα</span> <span class='ocrx_word' id='word_1_6' title='bbox 376 506 417 589; x_wconf 74' lang='grc' dir='ltr'>ἕῳ</span> <span class='ocrx_word' id='word_1_7' title='bbox 439 495 614 585; x_wconf 77' lang='grc' dir='ltr'><strong><em>ἠλάλαξαν</em></strong></span> <span class='ocrx_word' id='word_1_8' title='bbox 638 504 675 563; x_wconf 78' lang='grc' dir='ltr'>οἱ</span> <span class='ocrx_word' id='word_1_9' title='bbox 699 489 891 583; x_wconf 70' lang='grc' dir='ltr'><strong><em>αότόμολοι.</em></strong></span> <span class='ocrx_word' id='word_1_10' title='bbox 907 550 913 561; x_wconf 92' lang='grc'><strong>.</strong></span> <span class='ocrx_word' id='word_1_11' title='bbox 928 497 952 580; x_wconf 89' lang='grc'><strong>]</strong></span> <span class='ocrx_word' id='word_1_12' title='bbox 978 495 1048 560; x_wconf 81' lang='lat' dir='ltr'>fort.</span> <span class='ocrx_word' id='word_1_13' title='bbox 1081 496 1154 583; x_wconf 73' lang='grc' dir='ltr'>ἅμα</span> <span class='ocrx_word' id='word_1_14' title='bbox 1178 502 1218 589; x_wconf 81' lang='grc' dir='ltr'>ἕῳ</span> <span class='ocrx_word' id='word_1_15' title='bbox 1241 504 1324 589; x_wconf 74' lang='grc' dir='ltr'><strong><em>πρό·</em></strong></span> 
     </span>
     <span class='ocr_line' id='line_1_4' title="bbox 50 597 1325 695; baseline -0.002 -22"><span class='ocrx_word' id='word_1_16' title='bbox 50 636 102 673; x_wconf 88' lang='grc' dir='ltr'>τοι</span> <span class='ocrx_word' id='word_1_17' title='bbox 123 615 185 693; x_wconf 72' lang='grc' dir='ltr'>μὲν</span> <span class='ocrx_word' id='word_1_18' title='bbox 207 609 257 693; x_wconf 79' lang='grc' dir='ltr'>ἤλ.</span> <span class='ocrx_word' id='word_1_19' title='bbox 273 605 437 681; x_wconf 76' lang='grc'>--604,5</span> <span class='ocrx_word' id='word_1_20' title='bbox 461 616 671 694; x_wconf 75' lang='grc' dir='ltr'><strong><em>τυραννὶς...</em></strong></span> <span class='ocrx_word' id='word_1_21' title='bbox 701 611 762 690; x_wconf 81' lang='grc' dir='ltr'>μὲν</span> <span class='ocrx_word' id='word_1_22' title='bbox 785 601 848 690; x_wconf 75' lang='grc' dir='ltr'><strong><em>γολρ</em></strong></span> <span class='ocrx_word' id='word_1_23' title='bbox 871 615 927 670; x_wconf 75' lang='grc' dir='ltr'>καὶ</span> <span class='ocrx_word' id='word_1_24' title='bbox 950 606 1067 672; x_wconf 82' lang='grc' dir='ltr'><strong><em>πάλαι,</em></strong></span> <span class='ocrx_word' id='word_1_25' title='bbox 1099 597 1195 693; x_wconf 88' lang='grc' dir='ltr'><strong><em>όλίγῳ</em></strong></span> <span class='ocrx_word' id='word_1_26' title='bbox 1219 607 1325 695; x_wconf 83' lang='grc' dir='ltr'><strong><em>χρόνῳ</em></strong></span> 
     </span>
     <span class='ocr_line' id='line_1_5' title="bbox 52 708 1324 802; baseline -0.001 -22"><span class='ocrx_word' id='word_1_27' title='bbox 52 711 243 802; x_wconf 71' lang='grc' dir='ltr'>ὁριζομένη]ι</span> <span class='ocrx_word' id='word_1_28' title='bbox 269 712 373 780; x_wconf 84' lang='lat' dir='ltr'>Valde</span> <span class='ocrx_word' id='word_1_29' title='bbox 396 710 513 775; x_wconf 82' lang='lat' dir='ltr'>arridet</span> <span class='ocrx_word' id='word_1_30' title='bbox 538 708 788 774; x_wconf 81' lang='lat' dir='ltr'>llendelssohnii</span> <span class='ocrx_word' id='word_1_31' title='bbox 812 709 991 774; x_wconf 85' lang='lat' dir='ltr'>coniectura</span> <span class='ocrx_word' id='word_1_32' title='bbox 1022 712 1119 801; x_wconf 90' lang='grc' dir='ltr'><strong><em>όλίγῳ</em></strong></span> <span class='ocrx_word' id='word_1_33' title='bbox 1141 714 1245 801; x_wconf 87' lang='grc' dir='ltr'><strong><em>χρόνῳ</em></strong></span> <span class='ocrx_word' id='word_1_34' title='bbox 1268 713 1324 797; x_wconf 77' lang='lat' dir='ltr'>(d)</span> 
     </span>
     <span class='ocr_line' id='line_1_6' title="bbox 49 816 1325 914; baseline 0.002 -33"><span class='ocrx_word' id='word_1_35' title='bbox 49 825 229 908; x_wconf 71' lang='grc' dir='ltr'><strong><em>ὁριζομένη.</em></strong></span> <span class='ocrx_word' id='word_1_36' title='bbox 255 856 298 866; x_wconf 91' lang='grc'>-·</span> <span class='ocrx_word' id='word_1_37' title='bbox 321 819 395 895; x_wconf 85' lang='grc'>903,</span> <span class='ocrx_word' id='word_1_38' title='bbox 409 819 451 881; x_wconf 81' lang='grc'>24</span> <span class='ocrx_word' id='word_1_39' title='bbox 475 824 503 884; x_wconf 80' lang='grc' dir='ltr'>ολ</span> <span class='ocrx_word' id='word_1_40' title='bbox 527 820 719 902; x_wconf 65' lang='grc' dir='ltr'><strong><em>πολέμιοι,</em></strong></span> <span class='ocrx_word' id='word_1_41' title='bbox 744 824 786 914; x_wconf 77' lang='grc' dir='ltr'>τῇ</span> <span class='ocrx_word' id='word_1_42' title='bbox 809 818 907 906; x_wconf 76' lang='grc' dir='ltr'><strong><em>διόδῳ</em></strong></span> <span class='ocrx_word' id='word_1_43' title='bbox 931 818 1108 905; x_wconf 72' lang='grc' dir='ltr'><strong><em>εἰργόμενοι</em></strong></span> <span class='ocrx_word' id='word_1_44' title='bbox 1140 816 1184 905; x_wconf 78' lang='grc' dir='ltr'><em>μή</em></span> <span class='ocrx_word' id='word_1_45' title='bbox 1213 821 1325 903; x_wconf 83' lang='grc' dir='ltr'><strong><em>γιγνιό·</em></strong></span> 
     </span>
     <span class='ocr_line' id='line_1_7' title="bbox 50 924 1322 1015; baseline -0.001 -21"><span class='ocrx_word' id='word_1_46' title='bbox 50 951 141 995; x_wconf 73' lang='grc' dir='ltr'><strong><em>σκιιν</em></strong></span> <span class='ocrx_word' id='word_1_47' title='bbox 163 928 204 993; x_wconf 76' lang='grc' dir='ltr'>τοὶ</span> <span class='ocrx_word' id='word_1_48' title='bbox 230 924 441 1013; x_wconf 71' lang='grc' dir='ltr'><strong><em>ἀλλήλοιν...</em></strong></span> <span class='ocrx_word' id='word_1_49' title='bbox 476 924 570 1001; x_wconf 86' lang='grc'>1159,</span> <span class='ocrx_word' id='word_1_50' title='bbox 586 924 627 986; x_wconf 74' lang='lat'>23</span> <span class='ocrx_word' id='word_1_51' title='bbox 659 928 732 1009; x_wconf 74' lang='grc' dir='ltr'><strong><em>νῆις</em></strong></span> <span class='ocrx_word' id='word_1_52' title='bbox 754 929 896 1013; x_wconf 70' lang='grc' dir='ltr'><strong><em>ἑκατέρῳ</em></strong></span> <span class='ocrx_word' id='word_1_53' title='bbox 931 926 1001 1014; x_wconf 70' lang='lat' dir='ltr'>terp</span> <span class='ocrx_word' id='word_1_54' title='bbox 1035 925 1322 1015; x_wconf 73' lang='grc' dir='ltr'><strong><em>παρεσκευάζοντο]</em></strong></span> 
     </span>
     <span class='ocr_line' id='line_1_8' title="bbox 50 1028 1322 1122; baseline -0.003 -21"><span class='ocrx_word' id='word_1_55' title='bbox 50 1040 193 1122; x_wconf 64' lang='grc' dir='ltr'><strong><em>ἐκατέρῳ</em></strong></span> <span class='ocrx_word' id='word_1_56' title='bbox 215 1030 235 1098; x_wconf 90' lang='lat' dir='ltr'>i.</span> <span class='ocrx_word' id='word_1_57' title='bbox 260 1038 421 1121; x_wconf 73' lang='grc' dir='ltr'><strong><em>ἑκατίρων</em></strong></span> <span class='ocrx_word' id='word_1_58' title='bbox 437 1031 520 1097; x_wconf 85' lang='lat' dir='ltr'>AV.</span> <span class='ocrx_word' id='word_1_59' title='bbox 547 1032 615 1120; x_wconf 75' lang='lat' dir='ltr'>ldlqc</span> <span class='ocrx_word' id='word_1_60' title='bbox 639 1053 699 1094; x_wconf 89' lang='lat' dir='ltr'>om.</span> <span class='ocrx_word' id='word_1_61' title='bbox 717 1031 746 1094; x_wconf 93' lang='lat' dir='ltr'>b.</span> <span class='ocrx_word' id='word_1_62' title='bbox 773 1029 893 1093; x_wconf 83' lang='lat' dir='ltr'>Tamen</span> <span class='ocrx_word' id='word_1_63' title='bbox 908 1028 1014 1093; x_wconf 82' lang='lat' dir='ltr'>hiatus</span> <span class='ocrx_word' id='word_1_64' title='bbox 1037 1031 1251 1116; x_wconf 83' lang='lat' dir='ltr'>agnoscendus</span> <span class='ocrx_word' id='word_1_65' title='bbox 1267 1041 1322 1098; x_wconf 89' lang='lat' dir='ltr'>est.</span> 
     </span>
    </p>

    <p class='ocr_par' dir='ltr' id='par_1_4' title="bbox 145 1133 1352 1234">
     <span class='ocr_line' id='line_1_9' title="bbox 145 1133 1352 1234; baseline 0.005 -33"><span class='ocrx_word' id='word_1_66' title='bbox 145 1142 192 1216; x_wconf 91' lang='grc'>10,</span> <span class='ocrx_word' id='word_1_67' title='bbox 207 1141 249 1202; x_wconf 73' lang='lat'>24</span> <span class='ocrx_word' id='word_1_68' title='bbox 272 1136 358 1205; x_wconf 72' lang='grc' dir='ltr'><strong><em>ἄλλα</em></strong></span> <span class='ocrx_word' id='word_1_69' title='bbox 382 1141 495 1206; x_wconf 80' lang='grc' dir='ltr'><strong><em>πάντα</em></strong></span> <span class='ocrx_word' id='word_1_70' title='bbox 520 1140 552 1216; x_wconf 76' lang='grc' dir='ltr'>ἐς</span> <span class='ocrx_word' id='word_1_71' title='bbox 574 1133 648 1216; x_wconf 73' lang='grc' dir='ltr'>τούς</span> <span class='ocrx_word' id='word_1_72' title='bbox 670 1135 840 1220; x_wconf 65' lang='grc' dir='ltr'><strong><em>ἐπιγόνους</em></strong></span> <span class='ocrx_word' id='word_1_73' title='bbox 865 1138 978 1234; x_wconf 64' lang='lat' dir='ltr'>arimin</span> <span class='ocrx_word' id='word_1_74' title='bbox 1001 1147 1207 1227; x_wconf 70' lang='grc' dir='ltr'><strong><em>συνιτρίῳέίη,</em></strong></span> <span class='ocrx_word' id='word_1_75' title='bbox 1238 1149 1323 1227; x_wconf 63' lang='lat' dir='ltr'>odor·</span> <span class='ocrx_word' id='word_1_76' title='bbox 1347 1165 1352 1173; x_wconf 85' lang='grc'><strong><em>’</em></strong></span> 
     </span>
    </p>

    <p class='ocr_par' dir='ltr' id='par_1_5' title="bbox 141 1239 1323 1336">
     <span class='ocr_line' id='line_1_10' title="bbox 141 1239 1323 1336; baseline 0.003 -26"><span class='ocrx_word' id='word_1_77' title='bbox 141 1258 259 1336; x_wconf 57' lang='lat' dir='ltr'>perron</span> <span class='ocrx_word' id='word_1_78' title='bbox 281 1248 313 1321; x_wconf 64' lang='grc' dir='ltr'>ἐς</span> <span class='ocrx_word' id='word_1_79' title='bbox 337 1247 510 1331; x_wconf 67' lang='grc' dir='ltr'><strong><em>ἀλλήλους·</em></strong></span> <span class='ocrx_word' id='word_1_80' title='bbox 534 1239 560 1334; x_wconf 74' lang='grc' dir='ltr'><em>ᾦ</em></span> <span class='ocrx_word' id='word_1_81' title='bbox 575 1245 703 1326; x_wconf 84' lang='grc' dir='ltr'><strong><em>μόνως</em></strong></span> <span class='ocrx_word' id='word_1_82' title='bbox 726 1246 826 1330; x_wconf 78' lang='grc' dir='ltr'><strong><em>α’ρχαῐ</em></strong></span> <span class='ocrx_word' id='word_1_83' title='bbox 846 1242 988 1330; x_wconf 68' lang='grc' dir='ltr'><strong><em>μεγάλαι</em></strong></span> <span class='ocrx_word' id='word_1_84' title='bbox 1004 1243 1235 1323; x_wconf 73' lang='grc' dir='ltr'><strong><em>καταλύονται,</em></strong></span> <span class='ocrx_word' id='word_1_85' title='bbox 1253 1269 1323 1313; x_wconf 89' lang='grc' dir='ltr'><strong><em>στα-</em></strong></span> 
     </span>
    </p>

    <p class='ocr_par' dir='ltr' id='par_1_6' title="bbox 142 1349 1354 1438">
     <span class='ocr_line' id='line_1_11' title="bbox 142 1349 1354 1438; baseline 0.003 -18"><span class='ocrx_word' id='word_1_86' title='bbox 142 1351 307 1438; x_wconf 84' lang='grc' dir='ltr'><strong><em>σιόσασαιΙ</em></strong></span> <span class='ocrx_word' id='word_1_87' title='bbox 334 1351 439 1416; x_wconf 83' lang='lat' dir='ltr'>Mend.</span> <span class='ocrx_word' id='word_1_88' title='bbox 465 1356 566 1415; x_wconf 90' lang='lat' dir='ltr'>totum</span> <span class='ocrx_word' id='word_1_89' title='bbox 589 1349 787 1415; x_wconf 88' lang='lat' dir='ltr'>enuntiatum</span> <span class='ocrx_word' id='word_1_90' title='bbox 811 1349 950 1415; x_wconf 83' lang='lat' dir='ltr'>diffluxit</span> <span class='ocrx_word' id='word_1_91' title='bbox 973 1349 1034 1416; x_wconf 88' lang='lat' dir='ltr'>sic:</span> <span class='ocrx_word' id='word_1_92' title='bbox 1072 1354 1128 1419; x_wconf 73' lang='grc' dir='ltr'>ἐπὶ</span> <span class='ocrx_word' id='word_1_93' title='bbox 1160 1353 1226 1420; x_wconf 76' lang='grc' dir='ltr'><strong><em>τόν</em></strong></span> <span class='ocrx_word' id='word_1_94' title='bbox 1256 1356 1323 1420; x_wconf 76' lang='grc' dir='ltr'><strong><em>ἐπι·</em></strong></span> <span class='ocrx_word' id='word_1_95' title='bbox 1352 1420 1354 1424; x_wconf 89' lang='grc'>.</span> 
     </span>
    </p>

    <p class='ocr_par' dir='ltr' id='par_1_7' title="bbox 140 1452 1325 1551">
     <span class='ocr_line' id='line_1_12' title="bbox 140 1452 1325 1551; baseline -0.001 -25"><span class='ocrx_word' id='word_1_96' title='bbox 140 1463 245 1543; x_wconf 80' lang='grc' dir='ltr'><strong><em>γόνων</em></strong></span> <span class='ocrx_word' id='word_1_97' title='bbox 279 1461 349 1527; x_wconf 79' lang='lat' dir='ltr'>urit.</span> <span class='ocrx_word' id='word_1_98' title='bbox 386 1478 505 1548; x_wconf 79' lang='grc' dir='ltr'><strong><em>συνιτρ.</em></strong></span> <span class='ocrx_word' id='word_1_99' title='bbox 546 1460 789 1525; x_wconf 75' lang='grc' dir='ltr'><strong><em>στασιασάντων</em></strong></span> <span class='ocrx_word' id='word_1_100' title='bbox 823 1459 855 1532; x_wconf 73' lang='grc' dir='ltr'>ἐς</span> <span class='ocrx_word' id='word_1_101' title='bbox 887 1452 1060 1546; x_wconf 68' lang='grc' dir='ltr'><strong><em>ἀλλήλους’</em></strong></span> <span class='ocrx_word' id='word_1_102' title='bbox 1096 1454 1211 1551; x_wconf 72' lang='grc' dir='ltr'>ῳ1(όή)</span> <span class='ocrx_word' id='word_1_103' title='bbox 1234 1459 1325 1551; x_wconf 84' lang='grc' dir='ltr'><strong><em>μόνῳ</em></strong></span> 
     </span>
    </p>

    <p class='ocr_par' dir='ltr' id='par_1_8' title="bbox 141 1563 1324 1764">
     <span class='ocr_line' id='line_1_13' title="bbox 142 1563 1324 1655; baseline -0.002 -21"><span class='ocrx_word' id='word_1_104' title='bbox 142 1571 240 1655; x_wconf 80' lang='grc' dir='ltr'><strong><em>α’ρχαῖ</em></strong></span> <span class='ocrx_word' id='word_1_105' title='bbox 261 1568 401 1651; x_wconf 68' lang='grc' dir='ltr'><strong><em>μεγάλαι</em></strong></span> <span class='ocrx_word' id='word_1_106' title='bbox 425 1566 651 1632; x_wconf 80' lang='grc' dir='ltr'><strong><em>καταλύονται.</em></strong></span> <span class='ocrx_word' id='word_1_107' title='bbox 690 1563 755 1628; x_wconf 85' lang='lat' dir='ltr'>Sed</span> <span class='ocrx_word' id='word_1_108' title='bbox 779 1565 874 1628; x_wconf 84' lang='lat' dir='ltr'>verba</span> <span class='ocrx_word' id='word_1_109' title='bbox 898 1563 1012 1629; x_wconf 90' lang='lat' dir='ltr'>tradita</span> <span class='ocrx_word' id='word_1_110' title='bbox 1033 1564 1095 1630; x_wconf 87' lang='lat' dir='ltr'>iarn</span> <span class='ocrx_word' id='word_1_111' title='bbox 1112 1565 1214 1631; x_wconf 84' lang='lat' dir='ltr'>Schw.</span> <span class='ocrx_word' id='word_1_112' title='bbox 1240 1579 1324 1632; x_wconf 87' lang='lat' dir='ltr'>recte</span> 
     </span>
     <span class='ocr_line' id='line_1_14' title="bbox 141 1664 1324 1764; baseline 0.003 -27"><span class='ocrx_word' id='word_1_113' title='bbox 141 1672 218 1737; x_wconf 90' lang='lat' dir='ltr'>mihi</span> <span class='ocrx_word' id='word_1_114' title='bbox 241 1672 365 1737; x_wconf 90' lang='lat' dir='ltr'>videtur</span> <span class='ocrx_word' id='word_1_115' title='bbox 388 1670 562 1736; x_wconf 74' lang='lat' dir='ltr'><strong>defendisse</strong></span> <span class='ocrx_word' id='word_1_116' title='bbox 586 1671 643 1735; x_wconf 80' lang='grc' dir='ltr'>ΙΙΙ</span> <span class='ocrx_word' id='word_1_117' title='bbox 671 1674 740 1735; x_wconf 72' lang='grc'>126.</span> <span class='ocrx_word' id='word_1_118' title='bbox 783 1670 831 1735; x_wconf 81' lang='lat' dir='ltr'>Cf.</span> <span class='ocrx_word' id='word_1_119' title='bbox 856 1673 889 1752; x_wconf 69' lang='grc' dir='ltr'>ἐς</span> <span class='ocrx_word' id='word_1_120' title='bbox 912 1664 1068 1759; x_wconf 77' lang='grc' dir='ltr'><strong><em>α’λλήλους</em></strong></span> <span class='ocrx_word' id='word_1_121' title='bbox 1091 1681 1324 1764; x_wconf 66' lang='grc' dir='ltr'><strong><em>συντρίβεσθαι</em></strong></span> 
     </span>
    </p>

    <p class='ocr_par' dir='ltr' id='par_1_9' title="bbox 142 1772 1323 1869">
     <span class='ocr_line' id='line_1_15' title="bbox 142 1772 1323 1869; baseline 0.006 -25"><span class='ocrx_word' id='word_1_122' title='bbox 142 1783 216 1856; x_wconf 81' lang='grc'>310,</span> <span class='ocrx_word' id='word_1_123' title='bbox 234 1782 282 1844; x_wconf 83' lang='grc'>10.</span> <span class='ocrx_word' id='word_1_124' title='bbox 306 1787 507 1869; x_wconf 64' lang='grc' dir='ltr'><strong><em>φθείρεσθαι</em></strong></span> <span class='ocrx_word' id='word_1_125' title='bbox 531 1781 563 1858; x_wconf 65' lang='grc' dir='ltr'>ἐς</span> <span class='ocrx_word' id='word_1_126' title='bbox 585 1772 929 1869; x_wconf 76' lang='grc' dir='ltr'>όλιγαι·(1ρίαν573,6.</span> <span class='ocrx_word' id='word_1_127' title='bbox 956 1774 1019 1847; x_wconf 76' lang='lat' dir='ltr'>aida·</span> <span class='ocrx_word' id='word_1_128' title='bbox 1041 1776 1103 1868; x_wconf 77' lang='grc' dir='ltr'>γοῖρ</span> <span class='ocrx_word' id='word_1_129' title='bbox 1125 1784 1232 1865; x_wconf 78' lang='grc' dir='ltr'><strong><em>μόναις</em></strong></span> <span class='ocrx_word' id='word_1_130' title='bbox 1255 1784 1323 1850; x_wconf 70' lang='lat' dir='ltr'>e&#39;dri·</span> 
     </span>
    </p>

    <p class='ocr_par' dir='ltr' id='par_1_10' title="bbox 142 1884 1322 1974">
     <span class='ocr_line' id='line_1_16' title="bbox 142 1884 1322 1974; baseline -0.005 -17"><span class='ocrx_word' id='word_1_131' title='bbox 142 1917 221 1957; x_wconf 84' lang='grc' dir='ltr'>ιάτο</span> <span class='ocrx_word' id='word_1_132' title='bbox 244 1887 318 1961; x_wconf 79' lang='grc'>387,</span> <span class='ocrx_word' id='word_1_133' title='bbox 336 1887 384 1950; x_wconf 83' lang='grc'>19.</span> <span class='ocrx_word' id='word_1_134' title='bbox 425 1887 565 1960; x_wconf 85' lang='grc' dir='ltr'><strong><em>Μόνῳς</em></strong></span> <span class='ocrx_word' id='word_1_135' title='bbox 587 1905 643 1971; x_wconf 87' lang='lat' dir='ltr'>pro</span> <span class='ocrx_word' id='word_1_136' title='bbox 665 1887 760 1974; x_wconf 88' lang='grc' dir='ltr'><strong><em>μόνῳ</em></strong></span> <span class='ocrx_word' id='word_1_137' title='bbox 789 1884 971 1971; x_wconf 73' lang='lat' dir='ltr'>Appianum,</span> <span class='ocrx_word' id='word_1_138' title='bbox 994 1894 1029 1951; x_wconf 90' lang='lat' dir='ltr'>nt</span> <span class='ocrx_word' id='word_1_139' title='bbox 1052 1887 1172 1951; x_wconf 85' lang='lat' dir='ltr'>hiatum</span> <span class='ocrx_word' id='word_1_140' title='bbox 1195 1910 1322 1973; x_wconf 76' lang='lat' dir='ltr'>gravem</span> 
     </span>
    </p>

    <p class='ocr_par' dir='ltr' id='par_1_11' title="bbox 142 1990 1323 2081">
     <span class='ocr_line' id='line_1_17' title="bbox 142 1990 1323 2081; baseline 0.001 -23"><span class='ocrx_word' id='word_1_141' title='bbox 142 1995 267 2071; x_wconf 82' lang='lat' dir='ltr'>vitaret,</span> <span class='ocrx_word' id='word_1_142' title='bbox 302 1991 460 2079; x_wconf 78' lang='lat' dir='ltr'>scripsisse</span> <span class='ocrx_word' id='word_1_143' title='bbox 497 2015 597 2079; x_wconf 90' lang='lat' dir='ltr'>nuper</span> <span class='ocrx_word' id='word_1_144' title='bbox 628 1990 722 2055; x_wconf 85' lang='lat' dir='ltr'>etiarn</span> <span class='ocrx_word' id='word_1_145' title='bbox 754 1991 873 2057; x_wconf 76' lang='lat' dir='ltr'>liaibel</span> <span class='ocrx_word' id='word_1_146' title='bbox 908 1991 940 2055; x_wconf 89' lang='lat' dir='ltr'>in</span> <span class='ocrx_word' id='word_1_147' title='bbox 969 1992 1080 2058; x_wconf 71' lang='lat' dir='ltr'>Herm:</span> <span class='ocrx_word' id='word_1_148' title='bbox 1112 1994 1184 2057; x_wconf 89' lang='lat' dir='ltr'>XX</span> <span class='ocrx_word' id='word_1_149' title='bbox 1206 2018 1235 2081; x_wconf 90' lang='lat' dir='ltr'>p.</span> <span class='ocrx_word' id='word_1_150' title='bbox 1258 1996 1323 2060; x_wconf 88' lang='grc'>503</span> 
     </span>
    </p>

    <p class='ocr_par' dir='ltr' id='par_1_12' title="bbox 142 2098 1324 2184">
     <span class='ocr_line' id='line_1_18' title="bbox 142 2098 1324 2184; baseline -0.003 -19"><span class='ocrx_word' id='word_1_151' title='bbox 142 2099 318 2165; x_wconf 82' lang='lat' dir='ltr'>affirmavit.</span> <span class='ocrx_word' id='word_1_152' title='bbox 353 2099 489 2184; x_wconf 86' lang='lat' dir='ltr'>Reliqua</span> <span class='ocrx_word' id='word_1_153' title='bbox 512 2108 617 2163; x_wconf 89' lang='lat' dir='ltr'>antem</span> <span class='ocrx_word' id='word_1_154' title='bbox 640 2098 684 2162; x_wconf 89' lang='lat' dir='ltr'>sic</span> <span class='ocrx_word' id='word_1_155' title='bbox 708 2099 860 2163; x_wconf 86' lang='lat' dir='ltr'>mutanda</span> <span class='ocrx_word' id='word_1_156' title='bbox 882 2122 949 2164; x_wconf 90' lang='lat' dir='ltr'>esse</span> <span class='ocrx_word' id='word_1_157' title='bbox 973 2101 1094 2165; x_wconf 85' lang='lat' dir='ltr'>censuit</span> <span class='ocrx_word' id='word_1_158' title='bbox 1124 2105 1226 2182; x_wconf 67' lang='grc' dir='ltr'><strong><em>...ἐς</em></strong></span> <span class='ocrx_word' id='word_1_159' title='bbox 1247 2103 1324 2184; x_wconf 66' lang='grc' dir='ltr'>τούς</span> 
     </span>
    </p>

    <p class='ocr_par' dir='ltr' id='par_1_13' title="bbox 143 2203 1316 2296">
     <span class='ocr_line' id='line_1_19' title="bbox 143 2203 1316 2296; baseline 0.005 -22"><span class='ocrx_word' id='word_1_160' title='bbox 143 2211 228 2292; x_wconf 76' lang='grc' dir='ltr'><strong><em>ι’πιγ.</em></strong></span> <span class='ocrx_word' id='word_1_161' title='bbox 256 2209 328 2274; x_wconf 72' lang='lat' dir='ltr'>utic.</span> <span class='ocrx_word' id='word_1_162' title='bbox 354 2205 618 2296; x_wconf 69' lang='grc' dir='ltr'><strong><em>(περιγινόμενα)</em></strong></span> <span class='ocrx_word' id='word_1_163' title='bbox 628 2214 824 2293; x_wconf 66' lang='grc' dir='ltr'><strong><em>συνιτρίῳέίη</em></strong></span> <span class='ocrx_word' id='word_1_164' title='bbox 838 2206 1042 2295; x_wconf 53' lang='lat' dir='ltr'>[adoptatori</span> <span class='ocrx_word' id='word_1_165' title='bbox 1057 2210 1089 2282; x_wconf 62' lang='grc' dir='ltr'>ἐς</span> <span class='ocrx_word' id='word_1_166' title='bbox 1102 2203 1257 2296; x_wconf 67' lang='grc' dir='ltr'><strong><em>ἀλλήλους</em></strong></span> <span class='ocrx_word' id='word_1_167' title='bbox 1287 2266 1293 2279; x_wconf 93' lang='grc'><em>.</em></span> <span class='ocrx_word' id='word_1_168' title='bbox 1308 2265 1316 2279; x_wconf 91' lang='grc'><strong><em>.</em></strong></span> 
     </span>
    </p>

    <p class='ocr_par' dir='ltr' id='par_1_14' title="bbox 143 2311 1323 2403">
     <span class='ocr_line' id='line_1_20' title="bbox 143 2311 1323 2403; baseline 0.006 -24"><span class='ocrx_word' id='word_1_169' title='bbox 143 2317 341 2382; x_wconf 80' lang='grc' dir='ltr'><strong><em>στασιάσαντ</em></strong></span> <span class='ocrx_word' id='word_1_170' title='bbox 354 2342 376 2379; x_wconf 89' lang='grc' dir='ltr'><strong><em>α</em></strong></span> <span class='ocrx_word' id='word_1_171' title='bbox 390 2342 465 2392; x_wconf 88' lang='grc' dir='ltr'>ς.-</span> <span class='ocrx_word' id='word_1_172' title='bbox 484 2312 588 2387; x_wconf 59' lang='grc'>1018</span> <span class='ocrx_word' id='word_1_173' title='bbox 623 2324 873 2402; x_wconf 64' lang='grc' dir='ltr'><strong><em>γεγυμνασμόνῳ</em></strong></span> <span class='ocrx_word' id='word_1_174' title='bbox 907 2318 1060 2399; x_wconf 64' lang='grc' dir='ltr'><strong><em>πολέμοις</em></strong></span> <span class='ocrx_word' id='word_1_175' title='bbox 1083 2329 1138 2383; x_wconf 80' lang='grc' dir='ltr'>καὶ</span> <span class='ocrx_word' id='word_1_176' title='bbox 1161 2311 1323 2403; x_wconf 78' lang='grc' dir='ltr'><strong><em>ιότυχίαις</em></strong></span> 
     </span>
    </p>

    <p class='ocr_par' dir='ltr' id='par_1_15' title="bbox 143 2418 1324 2509">
     <span class='ocr_line' id='line_1_21' title="bbox 143 2418 1324 2509; baseline 0.005 -21"><span class='ocrx_word' id='word_1_177' title='bbox 143 2420 247 2509; x_wconf 68' lang='grc' dir='ltr'><strong><em>ἀνδρί]</em></strong></span> <span class='ocrx_word' id='word_1_178' title='bbox 272 2419 375 2486; x_wconf 88' lang='lat' dir='ltr'>Schw.</span> <span class='ocrx_word' id='word_1_179' title='bbox 393 2418 473 2483; x_wconf 85' lang='lat' dir='ltr'>coni.</span> <span class='ocrx_word' id='word_1_180' title='bbox 497 2419 727 2508; x_wconf 74' lang='grc' dir='ltr'><strong><em>(ἑπαιρομὲνῳ)</em></strong></span> <span class='ocrx_word' id='word_1_181' title='bbox 750 2421 918 2505; x_wconf 64' lang='grc' dir='ltr'><strong><em>εὐτυχίαις.</em></strong></span> <span class='ocrx_word' id='word_1_182' title='bbox 939 2423 1059 2499; x_wconf 72' lang='lat'>-955,</span> <span class='ocrx_word' id='word_1_183' title='bbox 1084 2425 1104 2485; x_wconf 77' lang='lat'><strong>2</strong></span> <span class='ocrx_word' id='word_1_184' title='bbox 1127 2436 1242 2492; x_wconf 68' lang='grc' dir='ltr'><strong><em>κτείνοι</em></strong></span> <span class='ocrx_word' id='word_1_185' title='bbox 1265 2428 1324 2494; x_wconf 85' lang='grc' dir='ltr'><strong><em>τόν</em></strong></span> 
     </span>
    </p>

    <p class='ocr_par' dir='ltr' id='par_1_16' title="bbox 142 2522 1321 2620">
     <span class='ocr_line' id='line_1_22' title="bbox 142 2522 1321 2620; baseline 0.005 -23"><span class='ocrx_word' id='word_1_186' title='bbox 142 2529 282 2615; x_wconf 86' lang='grc' dir='ltr'><strong><em>λοχαγόν</em></strong></span> <span class='ocrx_word' id='word_1_187' title='bbox 297 2522 447 2612; x_wconf 58' lang='lat' dir='ltr'>{paeonia</span> <span class='ocrx_word' id='word_1_188' title='bbox 469 2522 578 2613; x_wconf 64' lang='lat' dir='ltr'>dovor</span> <span class='ocrx_word' id='word_1_189' title='bbox 603 2527 685 2612; x_wconf 75' lang='grc' dir='ltr'>μετοὶ</span> <span class='ocrx_word' id='word_1_190' title='bbox 703 2528 738 2593; x_wconf 77' lang='grc' dir='ltr'>δὲ</span> <span class='ocrx_word' id='word_1_191' title='bbox 763 2526 831 2593; x_wconf 58' lang='grc' dir='ltr'>ἐκεῖ</span> <span class='ocrx_word' id='word_1_192' title='bbox 841 2555 859 2594; x_wconf 92' lang='grc' dir='ltr'><strong><em>ν</em></strong></span> <span class='ocrx_word' id='word_1_193' title='bbox 871 2556 920 2596; x_wconf 87' lang='grc' dir='ltr'>ον</span> <span class='ocrx_word' id='word_1_194' title='bbox 942 2530 1060 2596; x_wconf 71' lang='grc' dir='ltr'><strong><em>ἑαυτόν</em></strong></span> <span class='ocrx_word' id='word_1_195' title='bbox 1075 2531 1281 2620; x_wconf 73' lang='grc' dir='ltr'><strong><em>ἐπαναιρῶν.</em></strong></span> <span class='ocrx_word' id='word_1_196' title='bbox 1297 2531 1321 2620; x_wconf 79' lang='lat' dir='ltr'>l</span> 
     </span>
    </p>

    <p class='ocr_par' dir='ltr' id='par_1_17' title="bbox 143 2631 1084 2723">
     <span class='ocr_line' id='line_1_23' title="bbox 143 2631 1084 2723; baseline 0.001 -23"><span class='ocrx_word' id='word_1_197' title='bbox 143 2634 248 2700; x_wconf 83' lang='lat' dir='ltr'>llleud.</span> <span class='ocrx_word' id='word_1_198' title='bbox 285 2632 364 2698; x_wconf 89' lang='lat' dir='ltr'>coni.</span> <span class='ocrx_word' id='word_1_199' title='bbox 400 2635 520 2723; x_wconf 75' lang='grc' dir='ltr'><strong><em>ἐκιίνῳ.</em></strong></span> <span class='ocrx_word' id='word_1_200' title='bbox 568 2632 744 2719; x_wconf 89' lang='lat' dir='ltr'>Perperam.</span> <span class='ocrx_word' id='word_1_201' title='bbox 771 2631 819 2697; x_wconf 81' lang='lat' dir='ltr'>Of.</span> <span class='ocrx_word' id='word_1_202' title='bbox 850 2635 961 2711; x_wconf 65' lang='grc'>1057.</span> <span class='ocrx_word' id='word_1_203' title='bbox 988 2636 1084 2714; x_wconf 86' lang='grc'>88,1,</span> 
     </span>
    </p>

    <p class='ocr_par' dir='ltr' id='par_1_18' title="bbox 0 2738 1325 4003">
     <span class='ocr_line' id='line_1_24' title="bbox 158 2738 1325 2832; baseline 0.003 -25"><span class='ocrx_word' id='word_1_204' title='bbox 158 2742 328 2828; x_wconf 84' lang='lat' dir='ltr'>Reliquum</span> <span class='ocrx_word' id='word_1_205' title='bbox 353 2745 400 2804; x_wconf 86' lang='lat' dir='ltr'>est</span> <span class='ocrx_word' id='word_1_206' title='bbox 423 2745 458 2804; x_wconf 86' lang='lat' dir='ltr'>ut</span> <span class='ocrx_word' id='word_1_207' title='bbox 480 2762 580 2826; x_wconf 91' lang='lat' dir='ltr'>pauca</span> <span class='ocrx_word' id='word_1_208' title='bbox 602 2739 641 2803; x_wconf 88' lang='lat' dir='ltr'>de</span> <span class='ocrx_word' id='word_1_209' title='bbox 665 2738 710 2804; x_wconf 87' lang='lat' dir='ltr'>eis</span> <span class='ocrx_word' id='word_1_210' title='bbox 740 2739 878 2805; x_wconf 85' lang='lat' dir='ltr'>hiatibus</span> <span class='ocrx_word' id='word_1_211' title='bbox 909 2740 1054 2807; x_wconf 88' lang='lat' dir='ltr'>dicantur</span> <span class='ocrx_word' id='word_1_212' title='bbox 1089 2743 1142 2830; x_wconf 91' lang='lat' dir='ltr'>qni</span> <span class='ocrx_word' id='word_1_213' title='bbox 1177 2744 1210 2809; x_wconf 91' lang='lat' dir='ltr'>in</span> <span class='ocrx_word' id='word_1_214' title='bbox 1246 2746 1325 2832; x_wconf 80' lang='lat' dir='ltr'>frag·</span> 
     </span>
     <span class='ocr_line' id='line_1_25' title="bbox 54 2846 1325 2935; baseline 0.002 -19"><span class='ocrx_word' id='word_1_215' title='bbox 54 2849 170 2916; x_wconf 87' lang='lat' dir='ltr'>mentis</span> <span class='ocrx_word' id='word_1_216' title='bbox 194 2848 257 2933; x_wconf 85' lang='lat' dir='ltr'>(ed.</span> <span class='ocrx_word' id='word_1_217' title='bbox 283 2846 391 2912; x_wconf 86' lang='lat' dir='ltr'>Mend.</span> <span class='ocrx_word' id='word_1_218' title='bbox 415 2870 445 2932; x_wconf 88' lang='lat' dir='ltr'>p.</span> <span class='ocrx_word' id='word_1_219' title='bbox 475 2847 703 2929; x_wconf 50' lang='grc' dir='ltr'>1183-υ1189)</span> <span class='ocrx_word' id='word_1_220' title='bbox 726 2855 901 2912; x_wconf 83' lang='lat' dir='ltr'>occurrunt.</span> <span class='ocrx_word' id='word_1_221' title='bbox 949 2848 1038 2913; x_wconf 85' lang='lat' dir='ltr'>Inter</span> <span class='ocrx_word' id='word_1_222' title='bbox 1067 2874 1147 2935; x_wconf 87' lang='lat' dir='ltr'>quae</span> <span class='ocrx_word' id='word_1_223' title='bbox 1179 2875 1251 2917; x_wconf 90' lang='lat' dir='ltr'>cum</span> <span class='ocrx_word' id='word_1_224' title='bbox 1285 2854 1325 2920; x_wconf 88' lang='lat' dir='ltr'>de</span> 
     </span>
     <span class='ocr_line' id='line_1_26' title="bbox 53 2953 1325 3042; baseline 0.001 -19"><span class='ocrx_word' id='word_1_225' title='bbox 53 2956 165 3023; x_wconf 86' lang='lat' dir='ltr'>ceteris</span> <span class='ocrx_word' id='word_1_226' title='bbox 189 2979 268 3042; x_wconf 84' lang='lat' dir='ltr'>quae</span> <span class='ocrx_word' id='word_1_227' title='bbox 292 2961 346 3018; x_wconf 90' lang='lat' dir='ltr'>aut</span> <span class='ocrx_word' id='word_1_228' title='bbox 369 2953 516 3017; x_wconf 91' lang='lat' dir='ltr'>lemmata</span> <span class='ocrx_word' id='word_1_229' title='bbox 538 2964 593 3018; x_wconf 92' lang='lat' dir='ltr'>aut</span> <span class='ocrx_word' id='word_1_230' title='bbox 615 2953 736 3039; x_wconf 85' lang='lat' dir='ltr'>glossae</span> <span class='ocrx_word' id='word_1_231' title='bbox 758 2963 841 3020; x_wconf 82' lang='lat' dir='ltr'>sunt.</span> <span class='ocrx_word' id='word_1_232' title='bbox 866 2953 999 3018; x_wconf 85' lang='lat' dir='ltr'>iudicari</span> <span class='ocrx_word' id='word_1_233' title='bbox 1017 2980 1078 3020; x_wconf 93' lang='lat' dir='ltr'>non</span> <span class='ocrx_word' id='word_1_234' title='bbox 1097 2957 1202 3042; x_wconf 74' lang='lat' dir='ltr'>possit,</span> <span class='ocrx_word' id='word_1_235' title='bbox 1227 2983 1325 3024; x_wconf 80' lang='lat' dir='ltr'>unuin</span> 
     </span>
     <span class='ocr_line' id='line_1_27' title="bbox 52 3058 1325 3146; baseline 0.001 -17"><span class='ocrx_word' id='word_1_236' title='bbox 52 3062 213 3129; x_wconf 80' lang='lat' dir='ltr'>iuvenitur</span> <span class='ocrx_word' id='word_1_237' title='bbox 235 3060 345 3134; x_wconf 83' lang='lat' dir='ltr'>maius,</span> <span class='ocrx_word' id='word_1_238' title='bbox 371 3059 453 3145; x_wconf 90' lang='lat' dir='ltr'>quod</span> <span class='ocrx_word' id='word_1_239' title='bbox 477 3059 596 3146; x_wconf 87' lang='lat' dir='ltr'>primns</span> <span class='ocrx_word' id='word_1_240' title='bbox 621 3060 663 3123; x_wconf 85' lang='lat' dir='ltr'>ll.</span> <span class='ocrx_word' id='word_1_241' title='bbox 689 3058 775 3123; x_wconf 77' lang='lat' dir='ltr'>Trea</span> <span class='ocrx_word' id='word_1_242' title='bbox 798 3084 836 3123; x_wconf 82' lang='lat' dir='ltr'>ex</span> <span class='ocrx_word' id='word_1_243' title='bbox 869 3060 976 3125; x_wconf 84' lang='lat' dir='ltr'>codiee</span> <span class='ocrx_word' id='word_1_244' title='bbox 999 3060 1140 3127; x_wconf 81' lang='lat' dir='ltr'>Parisino</span> <span class='ocrx_word' id='word_1_245' title='bbox 1173 3064 1325 3130; x_wconf 87' lang='lat' dir='ltr'>miscella·</span> 
     </span>
     <span class='ocr_line' id='line_1_28' title="bbox 53 3166 1324 3258; baseline 0.002 -23"><span class='ocrx_word' id='word_1_246' title='bbox 53 3195 113 3235; x_wconf 90' lang='lat' dir='ltr'>neo</span> <span class='ocrx_word' id='word_1_247' title='bbox 137 3194 164 3235; x_wconf 90' lang='lat' dir='ltr'>a.</span> <span class='ocrx_word' id='word_1_248' title='bbox 194 3170 277 3233; x_wconf 87' lang='grc'>1880</span> <span class='ocrx_word' id='word_1_249' title='bbox 300 3166 454 3232; x_wconf 85' lang='lat' dir='ltr'>Ohlaviae</span> <span class='ocrx_word' id='word_1_250' title='bbox 478 3167 586 3232; x_wconf 91' lang='lat' dir='ltr'>edidit.</span> <span class='ocrx_word' id='word_1_251' title='bbox 633 3166 716 3231; x_wconf 81' lang='lat' dir='ltr'>Sunt</span> <span class='ocrx_word' id='word_1_252' title='bbox 739 3167 824 3232; x_wconf 87' lang='lat' dir='ltr'>enirn</span> <span class='ocrx_word' id='word_1_253' title='bbox 856 3175 1003 3255; x_wconf 84' lang='lat' dir='ltr'>excerpta</span> <span class='ocrx_word' id='word_1_254' title='bbox 1033 3170 1180 3256; x_wconf 77' lang='lat' dir='ltr'>anonymi</span> <span class='ocrx_word' id='word_1_255' title='bbox 1204 3172 1324 3258; x_wconf 82' lang='lat' dir='ltr'>Byzan·</span> 
     </span>
     <span class='ocr_line' id='line_1_29' title="bbox 52 3273 1323 3362; baseline 0.002 -19"><span class='ocrx_word' id='word_1_256' title='bbox 52 3278 113 3344; x_wconf 88' lang='lat' dir='ltr'>tini</span> <span class='ocrx_word' id='word_1_257' title='bbox 136 3301 175 3342; x_wconf 85' lang='lat' dir='ltr'>ex</span> <span class='ocrx_word' id='word_1_258' title='bbox 200 3274 346 3362; x_wconf 85' lang='lat' dir='ltr'>Appiano</span> <span class='ocrx_word' id='word_1_259' title='bbox 369 3281 462 3360; x_wconf 90' lang='lat' dir='ltr'>atque</span> <span class='ocrx_word' id='word_1_260' title='bbox 485 3275 584 3339; x_wconf 90' lang='lat' dir='ltr'>multo</span> <span class='ocrx_word' id='word_1_261' title='bbox 608 3273 750 3338; x_wconf 88' lang='lat' dir='ltr'>fideliora</span> <span class='ocrx_word' id='word_1_262' title='bbox 773 3283 804 3339; x_wconf 92' lang='lat' dir='ltr'>et</span> <span class='ocrx_word' id='word_1_263' title='bbox 826 3275 1018 3339; x_wconf 67' lang='lat' dir='ltr'>accuratiora</span> <span class='ocrx_word' id='word_1_264' title='bbox 1043 3299 1134 3362; x_wconf 90' lang='lat' dir='ltr'>quam</span> <span class='ocrx_word' id='word_1_265' title='bbox 1158 3278 1323 3345; x_wconf 88' lang='lat' dir='ltr'>Photiana.</span> 
     </span>
     <span class='ocr_line' id='line_1_30' title="bbox 53 3379 1322 3469; baseline 0.002 -21"><span class='ocrx_word' id='word_1_266' title='bbox 53 3384 222 3469; x_wconf 78' lang='lat' dir='ltr'>(Pg.1183,</span> <span class='ocrx_word' id='word_1_267' title='bbox 235 3385 255 3445; x_wconf 85' lang='lat'><strong>3</strong></span> <span class='ocrx_word' id='word_1_268' title='bbox 278 3419 304 3427; x_wconf 86' lang='lat'>-</span> <span class='ocrx_word' id='word_1_269' title='bbox 324 3382 473 3457; x_wconf 80' lang='grc'>118515</span> <span class='ocrx_word' id='word_1_270' title='bbox 499 3379 534 3443; x_wconf 76' lang='lat' dir='ltr'>el</span> <span class='ocrx_word' id='word_1_271' title='bbox 566 3381 879 3457; x_wconf 74' lang='lat'>1187,‘22—1189‚4.</span> <span class='ocrx_word' id='word_1_272' title='bbox 915 3382 1007 3447; x_wconf 91' lang='lat' dir='ltr'>Phot.</span> <span class='ocrx_word' id='word_1_273' title='bbox 1027 3387 1322 3469; x_wconf 76' lang='lat' dir='ltr'>exce.pg.15-16</span> 
     </span>
     <span class='ocr_line' id='line_1_31' title="bbox 54 3486 1322 3578; baseline 0.002 -23"><span class='ocrx_word' id='word_1_274' title='bbox 54 3489 178 3578; x_wconf 83' lang='lat' dir='ltr'>Mend.)</span> <span class='ocrx_word' id='word_1_275' title='bbox 225 3487 345 3552; x_wconf 80' lang='lat' dir='ltr'>Tamen</span> <span class='ocrx_word' id='word_1_276' title='bbox 368 3511 408 3551; x_wconf 88' lang='lat' dir='ltr'>ne</span> <span class='ocrx_word' id='word_1_277' title='bbox 437 3487 520 3550; x_wconf 87' lang='lat' dir='ltr'>hunc</span> <span class='ocrx_word' id='word_1_278' title='bbox 552 3486 678 3572; x_wconf 90' lang='lat' dir='ltr'>quidem</span> <span class='ocrx_word' id='word_1_279' title='bbox 709 3487 850 3574; x_wconf 87' lang='lat' dir='ltr'>Appiani</span> <span class='ocrx_word' id='word_1_280' title='bbox 879 3490 972 3553; x_wconf 88' lang='lat' dir='ltr'>verba</span> <span class='ocrx_word' id='word_1_281' title='bbox 1003 3498 1088 3554; x_wconf 88' lang='lat' dir='ltr'>recto</span> <span class='ocrx_word' id='word_1_282' title='bbox 1116 3490 1226 3557; x_wconf 86' lang='lat' dir='ltr'>ordine</span> <span class='ocrx_word' id='word_1_283' title='bbox 1255 3516 1322 3558; x_wconf 85' lang='lat' dir='ltr'>ser-</span> 
     </span>
     <span class='ocr_line' id='line_1_32' title="bbox 53 3593 1324 3683; baseline 0.005 -23"><span class='ocrx_word' id='word_1_284' title='bbox 53 3620 142 3662; x_wconf 83' lang='lat' dir='ltr'>vasse</span> <span class='ocrx_word' id='word_1_285' title='bbox 166 3593 362 3681; x_wconf 82' lang='lat' dir='ltr'>cognoscitur</span> <span class='ocrx_word' id='word_1_286' title='bbox 378 3617 417 3658; x_wconf 82' lang='lat' dir='ltr'>ex</span> <span class='ocrx_word' id='word_1_287' title='bbox 441 3617 554 3678; x_wconf 82' lang='lat' dir='ltr'>magno</span> <span class='ocrx_word' id='word_1_288' title='bbox 573 3617 700 3658; x_wconf 82' lang='lat' dir='ltr'>numero</span> <span class='ocrx_word' id='word_1_289' title='bbox 718 3595 873 3659; x_wconf 87' lang='lat' dir='ltr'>hiatnurn.</span> <span class='ocrx_word' id='word_1_290' title='bbox 904 3595 1039 3661; x_wconf 82' lang='lat' dir='ltr'>Exstant</span> <span class='ocrx_word' id='word_1_291' title='bbox 1060 3596 1144 3661; x_wconf 88' lang='lat' dir='ltr'>enim</span> <span class='ocrx_word' id='word_1_292' title='bbox 1166 3599 1324 3683; x_wconf 58' lang='lat' dir='ltr'>grrn&#39;iores</span> 
     </span>
     <span class='ocr_line' id='line_1_33' title="bbox 55 3700 1322 3793; baseline 0.002 -24"><span class='ocrx_word' id='word_1_293' title='bbox 55 3704 160 3769; x_wconf 86' lang='lat' dir='ltr'>hiatus</span> <span class='ocrx_word' id='word_1_294' title='bbox 174 3726 225 3788; x_wconf 84' lang='lat' dir='ltr'>pg.</span> <span class='ocrx_word' id='word_1_295' title='bbox 241 3703 333 3779; x_wconf 85' lang='lat'>1183,</span> <span class='ocrx_word' id='word_1_296' title='bbox 350 3703 398 3765; x_wconf 90' lang='grc'>11.</span> <span class='ocrx_word' id='word_1_297' title='bbox 420 3702 469 3764; x_wconf 78' lang='lat'>12.</span> <span class='ocrx_word' id='word_1_298' title='bbox 483 3700 567 3783; x_wconf 80' lang='lat'>(13.)</span> <span class='ocrx_word' id='word_1_299' title='bbox 585 3700 677 3767; x_wconf 92' lang='grc' dir='ltr'>16ΙΙ.</span> <span class='ocrx_word' id='word_1_300' title='bbox 699 3701 899 3776; x_wconf 69' lang='grc'>17111184,</span> <span class='ocrx_word' id='word_1_301' title='bbox 915 3705 963 3767; x_wconf 84' lang='grc'>11,</span> <span class='ocrx_word' id='word_1_302' title='bbox 979 3704 1252 3793; x_wconf 70' lang='lat' dir='ltr'>tr.1411†(11).</span> <span class='ocrx_word' id='word_1_303' title='bbox 1273 3710 1322 3772; x_wconf 85' lang='grc'>16.</span> 
     </span>
     <span class='ocr_line' id='line_1_34' title="bbox 0 3806 1323 3892; baseline 0.003 -19"><span class='ocrx_word' id='word_1_304' title='bbox 0 3861 1 3864; x_wconf 18' lang='lat'>¹</span> <span class='ocrx_word' id='word_1_305' title='bbox 64 3811 158 3885; x_wconf 87' lang='grc'>1185,</span> <span class='ocrx_word' id='word_1_306' title='bbox 175 3809 242 3872; x_wconf 81' lang='grc'>1,.3.</span> <span class='ocrx_word' id='word_1_307' title='bbox 257 3807 393 3892; x_wconf 75' lang='lat' dir='ltr'>¹Quodsi</span> <span class='ocrx_word' id='word_1_308' title='bbox 410 3808 487 3872; x_wconf 89' lang='lat' dir='ltr'>haec</span> <span class='ocrx_word' id='word_1_309' title='bbox 504 3806 655 3872; x_wconf 88' lang='lat' dir='ltr'>eiusmodi</span> <span class='ocrx_word' id='word_1_310' title='bbox 673 3816 755 3884; x_wconf 90' lang='lat' dir='ltr'>sunt,</span> <span class='ocrx_word' id='word_1_311' title='bbox 774 3809 873 3872; x_wconf 89' lang='lat' dir='ltr'>multo</span> <span class='ocrx_word' id='word_1_312' title='bbox 892 3809 1041 3874; x_wconf 86' lang='lat' dir='ltr'>nrinorem</span> <span class='ocrx_word' id='word_1_313' title='bbox 1062 3833 1128 3875; x_wconf 85' lang='lat' dir='ltr'>esse</span> <span class='ocrx_word' id='word_1_314' title='bbox 1140 3811 1234 3876; x_wconf 88' lang='lat' dir='ltr'>fidem</span> <span class='ocrx_word' id='word_1_315' title='bbox 1245 3813 1323 3877; x_wconf 89' lang='lat' dir='ltr'>Pho·</span> 
     </span>
     <span class='ocr_line' id='line_1_35' title="bbox 56 3913 1322 4003; baseline 0.004 -24"><span class='ocrx_word' id='word_1_316' title='bbox 56 3915 151 3980; x_wconf 90' lang='lat' dir='ltr'>tianis</span> <span class='ocrx_word' id='word_1_317' title='bbox 174 3914 327 4001; x_wconf 78' lang='lat' dir='ltr'>excerptis</span> <span class='ocrx_word' id='word_1_318' title='bbox 343 3913 520 3979; x_wconf 89' lang='lat' dir='ltr'>habendam</span> <span class='ocrx_word' id='word_1_319' title='bbox 536 3923 673 4001; x_wconf 86' lang='lat' dir='ltr'>apparet,</span> <span class='ocrx_word' id='word_1_320' title='bbox 690 3914 716 3979; x_wconf 93' lang='lat' dir='ltr'>si</span> <span class='ocrx_word' id='word_1_321' title='bbox 740 3916 835 3980; x_wconf 86' lang='lat' dir='ltr'>verba</span> <span class='ocrx_word' id='word_1_322' title='bbox 850 3914 948 4002; x_wconf 86' lang='lat' dir='ltr'>ipsius</span> <span class='ocrx_word' id='word_1_323' title='bbox 965 3915 1100 3981; x_wconf 90' lang='lat' dir='ltr'>auctoris</span> <span class='ocrx_word' id='word_1_324' title='bbox 1115 3917 1322 4003; x_wconf 85' lang='lat' dir='ltr'>requirantur.</span> 
     </span>
    </p>

    <p class='ocr_par' dir='ltr' id='par_1_19' title="bbox 57 4018 1325 4641">
     <span class='ocr_line' id='line_1_36' title="bbox 162 4018 1324 4107; baseline 0.006 -23"><span class='ocrx_word' id='word_1_325' title='bbox 162 4018 355 4084; x_wconf 75' lang='lat' dir='ltr'>Ennrneravi</span> <span class='ocrx_word' id='word_1_326' title='bbox 378 4042 486 4085; x_wconf 88' lang='lat' dir='ltr'>omnes</span> <span class='ocrx_word' id='word_1_327' title='bbox 509 4027 663 4105; x_wconf 81' lang='lat' dir='ltr'>quotquot</span> <span class='ocrx_word' id='word_1_328' title='bbox 685 4020 717 4085; x_wconf 93' lang='lat' dir='ltr'>in</span> <span class='ocrx_word' id='word_1_329' title='bbox 742 4020 878 4107; x_wconf 83' lang='lat' dir='ltr'>Appiani</span> <span class='ocrx_word' id='word_1_330' title='bbox 908 4021 996 4086; x_wconf 89' lang='lat' dir='ltr'>libris</span> <span class='ocrx_word' id='word_1_331' title='bbox 1019 4021 1125 4087; x_wconf 81' lang='lat' dir='ltr'>inveni</span> <span class='ocrx_word' id='word_1_332' title='bbox 1154 4023 1268 4102; x_wconf 83' lang='lat' dir='ltr'>hiatus,</span> <span class='ocrx_word' id='word_1_333' title='bbox 1293 4035 1324 4091; x_wconf 91' lang='lat' dir='ltr'>et</span> 
     </span>
     <span class='ocr_line' id='line_1_37' title="bbox 57 4125 1321 4213; baseline 0.003 -21"><span class='ocrx_word' id='word_1_334' title='bbox 57 4127 90 4192; x_wconf 90' lang='lat' dir='ltr'>in</span> <span class='ocrx_word' id='word_1_335' title='bbox 114 4150 230 4213; x_wconf 85' lang='lat' dir='ltr'>genera</span> <span class='ocrx_word' id='word_1_336' title='bbox 254 4125 369 4211; x_wconf 78' lang='lat' dir='ltr'>digessi</span> <span class='ocrx_word' id='word_1_337' title='bbox 393 4138 424 4190; x_wconf 89' lang='lat' dir='ltr'>et</span> <span class='ocrx_word' id='word_1_338' title='bbox 447 4149 526 4211; x_wconf 87' lang='lat' dir='ltr'>queo</span> <span class='ocrx_word' id='word_1_339' title='bbox 550 4126 589 4189; x_wconf 87' lang='lat' dir='ltr'>nd</span> <span class='ocrx_word' id='word_1_340' title='bbox 614 4149 666 4191; x_wconf 91' lang='lat' dir='ltr'>eos</span> <span class='ocrx_word' id='word_1_341' title='bbox 690 4126 883 4191; x_wconf 84' lang='lat' dir='ltr'>excusandos</span> <span class='ocrx_word' id='word_1_342' title='bbox 914 4128 1018 4193; x_wconf 83' lang='lat' dir='ltr'>valere</span> <span class='ocrx_word' id='word_1_343' title='bbox 1052 4128 1241 4209; x_wconf 79' lang='lat' dir='ltr'>riderentur,</span> <span class='ocrx_word' id='word_1_344' title='bbox 1275 4156 1321 4196; x_wconf 86' lang='lat' dir='ltr'>ex·</span> 
     </span>
     <span class='ocr_line' id='line_1_38' title="bbox 58 4231 1323 4324; baseline 0.004 -26"><span class='ocrx_word' id='word_1_345' title='bbox 58 4233 158 4320; x_wconf 85' lang='lat' dir='ltr'>posui.</span> <span class='ocrx_word' id='word_1_346' title='bbox 206 4231 270 4298; x_wconf 86' lang='lat' dir='ltr'>Sed</span> <span class='ocrx_word' id='word_1_347' title='bbox 294 4232 397 4296; x_wconf 88' lang='lat' dir='ltr'>denno</span> <span class='ocrx_word' id='word_1_348' title='bbox 422 4231 654 4308; x_wconf 82' lang='lat' dir='ltr'>affirmaverim,</span> <span class='ocrx_word' id='word_1_349' title='bbox 678 4243 714 4297; x_wconf 87' lang='lat' dir='ltr'>ut</span> <span class='ocrx_word' id='word_1_350' title='bbox 748 4232 919 4301; x_wconf 81' lang='lat' dir='ltr'>faciliorem</span> <span class='ocrx_word' id='word_1_351' title='bbox 949 4233 1093 4299; x_wconf 88' lang='lat' dir='ltr'>hiatuum</span> <span class='ocrx_word' id='word_1_352' title='bbox 1124 4247 1323 4324; x_wconf 85' lang='lat' dir='ltr'>conspectum</span> 
     </span>
     <span class='ocr_line' id='line_1_39' title="bbox 58 4337 1323 4430; baseline 0.005 -27"><span class='ocrx_word' id='word_1_353' title='bbox 58 4340 229 4416; x_wconf 78' lang='lat' dir='ltr'>redderem,</span> <span class='ocrx_word' id='word_1_354' title='bbox 264 4362 313 4403; x_wconf 90' lang='lat' dir='ltr'>me</span> <span class='ocrx_word' id='word_1_355' title='bbox 347 4338 419 4402; x_wconf 90' lang='lat' dir='ltr'>illas</span> <span class='ocrx_word' id='word_1_356' title='bbox 442 4337 587 4404; x_wconf 90' lang='lat' dir='ltr'>hiatuum</span> <span class='ocrx_word' id='word_1_357' title='bbox 619 4340 731 4405; x_wconf 85' lang='lat' dir='ltr'>classes</span> <span class='ocrx_word' id='word_1_358' title='bbox 755 4340 961 4421; x_wconf 85' lang='lat' dir='ltr'>constituisse,</span> <span class='ocrx_word' id='word_1_359' title='bbox 990 4365 1053 4406; x_wconf 88' lang='lat' dir='ltr'>non</span> <span class='ocrx_word' id='word_1_360' title='bbox 1076 4343 1158 4428; x_wconf 91' lang='lat' dir='ltr'>quod</span> <span class='ocrx_word' id='word_1_361' title='bbox 1182 4352 1323 4430; x_wconf 90' lang='lat' dir='ltr'>putarem</span> 
     </span>
     <span class='ocr_line' id='line_1_40' title="bbox 59 4444 1325 4532; baseline 0.004 -22"><span class='ocrx_word' id='word_1_362' title='bbox 59 4445 128 4511; x_wconf 88' lang='lat' dir='ltr'>ideo</span> <span class='ocrx_word' id='word_1_363' title='bbox 152 4444 235 4532; x_wconf 91' lang='lat' dir='ltr'>quod</span> <span class='ocrx_word' id='word_1_364' title='bbox 258 4444 292 4508; x_wconf 90' lang='lat' dir='ltr'>in</span> <span class='ocrx_word' id='word_1_365' title='bbox 316 4445 430 4511; x_wconf 88' lang='lat' dir='ltr'>classes</span> <span class='ocrx_word' id='word_1_366' title='bbox 453 4444 594 4532; x_wconf 88' lang='lat' dir='ltr'>dispositi</span> <span class='ocrx_word' id='word_1_367' title='bbox 617 4454 730 4524; x_wconf 84' lang='lat' dir='ltr'>essent,</span> <span class='ocrx_word' id='word_1_368' title='bbox 764 4446 921 4532; x_wconf 81' lang='lat' dir='ltr'>legitimos</span> <span class='ocrx_word' id='word_1_369' title='bbox 948 4472 1001 4513; x_wconf 90' lang='lat' dir='ltr'>eos</span> <span class='ocrx_word' id='word_1_370' title='bbox 1031 4472 1098 4513; x_wconf 88' lang='lat' dir='ltr'>esso</span> <span class='ocrx_word' id='word_1_371' title='bbox 1129 4449 1235 4519; x_wconf 84' lang='lat' dir='ltr'>factos.</span> <span class='ocrx_word' id='word_1_372' title='bbox 1270 4462 1325 4516; x_wconf 91' lang='lat' dir='ltr'>aut</span> 
     </span>
     <span class='ocr_line' id='line_1_41' title="bbox 59 4551 1325 4641; baseline 0.005 -23"><span class='ocrx_word' id='word_1_373' title='bbox 59 4553 243 4641; x_wconf 85' lang='lat' dir='ltr'>Appianum</span> <span class='ocrx_word' id='word_1_374' title='bbox 259 4552 361 4637; x_wconf 89' lang='lat' dir='ltr'>ipsum</span> <span class='ocrx_word' id='word_1_375' title='bbox 385 4551 563 4630; x_wconf 85' lang='lat' dir='ltr'>credidisse,</span> <span class='ocrx_word' id='word_1_376' title='bbox 581 4552 635 4638; x_wconf 91' lang='lat' dir='ltr'>qui</span> <span class='ocrx_word' id='word_1_377' title='bbox 657 4551 811 4618; x_wconf 87' lang='lat' dir='ltr'>eiusmodi</span> <span class='ocrx_word' id='word_1_378' title='bbox 826 4553 931 4619; x_wconf 88' lang='lat' dir='ltr'>hiatus</span> <span class='ocrx_word' id='word_1_379' title='bbox 954 4571 1067 4633; x_wconf 87' lang='lat' dir='ltr'>essent,</span> <span class='ocrx_word' id='word_1_380' title='bbox 1084 4578 1137 4621; x_wconf 87' lang='lat' dir='ltr'>eos</span> <span class='ocrx_word' id='word_1_381' title='bbox 1159 4556 1325 4625; x_wconf 78' lang='lat' dir='ltr'>admittere</span> 
     </span>
    </p>
   </div>
   <div class='ocr_carea' id='block_1_4' title="bbox 0 0 1543 5075">
    <p class='ocr_par' dir='ltr' id='par_1_20' title="bbox 0 0 1543 5075">
     <span class='ocr_line' id='line_1_42' title="bbox 0 0 1543 5075; baseline 0 0"><span class='ocrx_word' id='word_1_382' title='bbox 0 0 1543 5075; x_wconf 95' lang='lat' dir='ltr'> </span> 
     </span>
    </p>
   </div>
  </div>
 </body>
</html>
