3067 5075
701 245 921 318 ...56ffl

257 443 456 542 όφοριόμενοι
479 450 541 539 ἤδη
565 448 644 513 coni.
671 449 850 535 Schweigh.
876 451 914 514 of.
940 450 1011 514 adn.
1038 447 1145 514 Mend.
1171 489 1213 497 -
1237 452 1313 535 396,
1333 453 1375 517 10
1401 479 1457 519 κα-

256 559 402 648 μνόντων
426 565 455 624 ot
483 559 544 646 ἤδη
575 566 642 625 τῶν
665 564 794 625 ἲππεων
818 556 924 621 Mond.
958 556 990 619 in
1027 563 1125 630 textu,
1162 557 1217 621 sed
1251 565 1281 624 ot
1316 582 1357 622 ex
1382 558 1457 622 Ple·

256 666 361 733 thonis
387 663 504 750 eologis
527 663 606 728 falso
630 658 773 729 additum
797 670 852 728 ost.
899 671 929 730 ot
953 664 1015 751 ἤδη
1038 687 1078 726 ue
1102 665 1216 736 68ὁώ
1241 664 1370 750 quidem
1410 664 1457 729 iu·
1523 677 1524 680 ’

255 773 396 839 venitur:
423 785 479 840 καὶ
502 774 675 860 παρόντων
698 779 727 838 οἳ
743 779 809 839 τῶν
825 778 954 838 ἱππίων
968 767 1029 858 ἤδη
1051 771 1054 855 i
1076 769 1182 838 ὤσατο
1211 784 1311 838 παντὶ
1335 781 1401 863 τρῖ.
1420 825 1450 838 ..

260 881 354 963 (inter
384 876 446 967 ἤδη
470 885 502 943 et
524 878 630 946 ὤσατο
652 900 750 965 pausa
773 877 964 963 intercedit).
1013 879 1086 955 774,
1101 881 1141 941 21
1177 881 1254 944 ὁδε
1279 875 1341 967 ἤδη
1364 886 1458 962 μὲν

257 996 403 1078 εἴργαστο
426 983 592 1052 πολλά...
630 987 875 1074 .,.προσιόντος
907 988 952 1051 (ii
988 993 1046 1052 τοῦ
1071 993 1229 1072 Καίσαρος
1252 985 1456 1074 ε’ταράσσετο

254 1095 341 1180 (iii),
356 1092 398 1179 4)]
423 1121 444 1178 μ
460 1102 507 1160 ὲν
526 1091 630 1157 Mend.
647 1091 795 1155 mendose
819 1091 924 1155 dolero
947 1091 1024 1154 vult
1039 1128 1081 1138 -
1103 1092 1211 1168 82112
1235 1105 1291 1158 καὶ
1314 1093 1372 1180 χρή
1402 1096 1453 1159 τό

256 1204 411 1291 παρόν
435 1218 566 1268 σκοπεῖν
589 1202 715 1286 μᾶλλον
738 1199 758 1284 ἢ
782 1195 818 1265 τό
842 1210 1183 1286 γεγενημένον’.
1210 1203 1252 1278 τός
1286 1202 1322 1266 ἐν
1357 1201 1456 1299 ἀκμῇ

258 1312 408 1397 μεγάλων
430 1310 496 1374 ε’στῐ
513 1309 672 1375 κινδύνων
688 1310 765 1394 ἡμῖν
789 1302 829 1372 τοὶ
853 1316 909 1391 με’
919 1309 1092 1372 λλοντα
1117 1305 1137 1392 ἢ
1160 1308 1212 1370 τά
1238 1303 1374 1384 όντα,
1404 1311 1453 1395 μή

258 1421 289 1492 ἐς
313 1418 373 1495 τοὶς
408 1425 567 1502 προτέρας
602 1416 728 1493 στάσεις
750 1414 974 1496 ὑπαχθῶμεν]
1004 1413 1043 1499 »ἢ
1066 1412 1151 1500 (καὶ)
1185 1410 1226 1479 τά
1258 1415 1339 1481 όντα
1364 1415 1452 1479 σοιτί.

257 1524 376 1608 Musgr.
402 1545 441 1586 an
464 1522 623 1589 κινδύνων
646 1523 725 1607 ἡμῖν
748 1520 813 1586 τῶν
835 1527 897 1605 μεν
918 1522 1104 1604 μελλόντων
1128 1529 1194 1587 τοῖν
1218 1523 1252 1587 aa
1276 1520 1298 1607 ἤ
1311 1524 1360 1609 δη
1387 1523 1454 1590 όν·

256 1658 275 1696 τ
287 1660 311 1698 ω
324 1658 362 1706 ν,
381 1629 431 1693 vol
447 1624 620 1713 simplicius
635 1630 714 1695 κινδ.
732 1623 787 1714 rip.
809 1625 994 1710 μελλόντων
1008 1654 1043 1693 τε·
1059 1639 1114 1694 καὶ
1138 1627 1159 1715 ἢ
1172 1630 1221 1715 δη
1245 1629 1264 1694 ό
1277 1658 1295 1697 ν
1307 1658 1325 1694 τ
1338 1658 1362 1695 ω
1376 1658 1397 1696 ν
1412 1634 1449 1693 ‘?‹

258 1736 365 1802 Mend.
391 1735 462 1800 adn.
487 1774 529 1782 -
553 1735 685 1799 alterurn
711 1734 809 1799 altero
839 1733 1085 1820 improbabilius.
1132 1734 1195 1798 Pro
1229 1734 1420 1821 μεγάλω
1435 1763 1456 1801 ν

259 1842 437 1928 Schweigh.
464 1841 643 1907 dubitanter
675 1840 838 1928 proposuit
871 1844 1029 1927 μειζόνων
1061 1865 1100 1905 ex
1125 1839 1261 1906 Candidi
1295 1841 1453 1929 interpro-

258 1950 376 2016 tatione
399 1948 498 2012 latina
525 1971 614 2012 »oum
641 1947 741 2012 maius
774 1946 948 2034 perieulum
987 1947 1076 2013 nobis
1111 1948 1246 2013 allatura
1278 1949 1454 2015 videantur

259 2081 339 2144 quae
362 2055 469 2121 futura
492 2079 585 2141 quam
609 2078 689 2141 quae
712 2063 786 2119 sunt
808 2054 1015 2141 praesentia«.
1041 2055 1096 2119 sed
1121 2041 1284 2121 Candidus
1317 2081 1355 2120 ex
1380 2081 1471 2122 ver-⁴

258 2165 369 2230 bonurn
392 2161 578 2227 traditorum
601 2160 757 2226 sententia
780 2160 837 2226 illa
860 2162 1022 2239 convertit,
1047 2169 1083 2226 ut
1105 2162 1195 2227 solet.
1250 2164 1321 2249 Ego
1349 2164 1452 2230 huius

258 2271 319 2336 looi
342 2271 444 2335 solum
467 2293 571 2334 verani
595 2268 750 2333 medelam
780 2268 912 2333 arbitror
946 2293 1012 2333 esse
1047 2293 1125 2346 eam,
1160 2276 1196 2334 ut
1229 2270 1250 2357 ἢ
1285 2273 1327 2338 τά
1363 2268 1453 2339 όντα

259 2379 410 2443 deleatur.
458 2375 548 2460 Quae
571 2376 664 2440 verba
688 2381 795 2440 utrum
818 2398 837 2439 a
859 2375 976 2439 lectore
999 2375 1134 2460 quodam
1157 2385 1284 2463 propter
1314 2380 1373 2468 χρὴ
1411 2379 1451 2447 τὸ

259 2486 412 2576 παρόν
437 2501 569 2552 σκοπεῖν
592 2481 699 2548 addita
722 2481 794 2563 sint,
819 2506 859 2547 an
886 2505 926 2547 ox
957 2486 1195 2569 μέλλοντα
1231 2483 1454 2573 dittographia

260 2601 327 2659 orta
336 2592 399 2658 sint
412 2599 696 2665 (ΜΕΛΛΟΝΤΛ
707 2599 742 2656 ΙΙ
744 2599 805 2656 ΤΛ
809 2600 951 2667 (ituit-1)
973 2614 1084 2677 parum
1094 2590 1224 2656 interest
1236 2616 1395 2678 quaerere.
1404 2633 1453 2643 ——

260 2702 333 2774 875,
351 2701 390 2764 13
425 2712 478 2766 καὶ
514 2699 761 2785 ἐπαλειφόντων
782 2695 843 2786 ἤδη
878 2700 949 2773 τούς
978 2706 1047 2783 μετ’
1073 2700 1128 2785 ε’μὲ
1152 2700 1306 2786 ὑπάτους]
1333 2701 1449 2767 hiond.

265 2806 386 2894 ‹(a'pot)
420 2803 523 2894 ἥόηῬι
563 2843 605 2850 —-
638 2807 744 2882 (alil
782 2807 971 2884 ἐλπίσαντες
1015 2808 1212 2894 ἡττηθέντος
1257 2809 1350 2892 Aaou
1390 2821 1455 2878 τοῦ

259 2921 367 3004 ἕτερον
389 2915 446 2981 τόν
469 2920 577 3001 ἕτερον
600 2904 837 3001 άσθένεστερόν
861 2941 894 2978 τε
918 2924 974 2980 καὶ
997 2911 1100 2997 μόνον
1129 2913 1274 2985 ἔσεσθαι,
1299 2928 1353 2981 καὶ
1376 2925 1453 3000 μετ’

260 3022 397 3089 αὐτόν
418 3019 480 3108 ἤδη
504 3028 618 3086 πάσαν
640 3020 699 3104 τήν
716 3027 876 3107 Καίσαρος
899 3024 1064 3108 ἑταιρείαν
1088 3022 1286 3100 καθελόντες
1308 3015 1455 3099 άνάξειν

258 3127 317 3217 τήν
340 3129 524 3214 Πομπηίον]
550 3126 640 3190 adn:
671 3149 788 3211 »eoque
811 3126 904 3190 modo
929 3125 964 3201 C,
989 3128 1078 3191 boue.
1104 3137 1171 3214 μετ’
1208 3122 1254 3193 αό
1262 3129 1340 3196 τοῦ
1364 3130 1452 3195 coni.

260 3237 399 3322 Musgr.«
428 3233 492 3299 Sed
503 3241 571 3320 μετ’
597 3226 693 3300 αότό
709 3261 727 3300 ν
751 3232 791 3297 ad
808 3233 944 3312 ἀνάξειν
959 3234 1103 3319 pertinet,
1121 3259 1162 3300 so.
1179 3236 1240 3322 ἤδη
1256 3244 1370 3304 πᾶσαν
1387 3240 1454 3323 τόν

261 3352 296 3408 n‘.
321 3349 363 3409 ἔτ.
389 3339 593 3419 καθελόντες.
619 3376 661 3384 -
695 3339 845 3418 1174,13
870 3344 1041 3428 Πομπήιος
1064 3345 1182 3410 εἀντόν
1205 3344 1372 3434 ἐπιτρέπει
1398 3367 1452 3412 σοι

259 3451 343 3536 μετά
367 3445 436 3516 raia
468 3456 551 3515 ιἐοῖν
586 3446 625 3527 άς
657 3448 704 3512 ε”τι
739 3448 813 3533 ε’·’χει
839 3447 945 3512 Merui.
982 3449 1071 3513 adn:
1112 3446 1213 3538 »ἦόηθ
1247 3449 1348 3514 haesit
1382 3449 1452 3517 iam

262 3556 385 3621 Sohrm
414 3555 476 3619 llle
499 3560 623 3619 tantuin
647 3553 685 3617 de
708 3577 838 3617 nunrero
863 3554 989 3618 naviuin
1007 3554 1071 3640 agit
1087 3554 1142 3633 (ei.
1157 3556 1229 3622 Vol.
1241 3557 1341 3643 Itlp.
1356 3558 1452 3647 883),

260 3664 308 3731 isra
331 3686 393 3727 non
417 3662 616 3749 suspeetavit.

281 3770 400 3835 Nullus
423 3769 520 3855 igitur
541 3769 591 3834 his
613 3794 726 3834 noveni
749 3770 826 3834 loeis
850 3770 966 3834 circum
989 3766 1074 3859 ἤδη
1097 3770 1202 3835 hiatus
1229 3772 1452 3856 agnoscendus

172 3891 227 3956 est,
252 3902 354 3964 neque
388 3879 410 3966 ἢ
423 3881 472 3965 δη
496 3901 605 3942 vooem
628 3877 766 3944 hiatibus
790 3876 959 3943 sollicitare
982 3878 1057 3943 iicet
1080 3879 1163 3965 apud
1189 3878 1383 3965 Appianum.

277 3983 435 4068 Quoniam
462 3989 510 4047 tot
539 3983 729 4068 argumentis
763 3984 892 4071 probavi
924 3992 1115 4071 quantopere
1138 3986 1313 4072 euphoniae
1337 4011 1450 4053 eonsu-

172 4092 268 4157 luerit
291 4091 465 4179 Appianas,
491 4098 527 4155 ut
550 4090 589 4154 de
612 4091 679 4157 eius
702 4091 806 4156 studio
823 4091 960 4158 dubitari
983 4091 1045 4156 iarn
1069 4116 1131 4156 non
1156 4092 1262 4180 possit,
1281 4092 1450 4161 videamus

173 4223 257 4265 nuno
281 4222 358 4284 quos
382 4199 553 4284 qualesque
575 4196 681 4264 hiatus
704 4199 875 4266 admiserit.

278 4307 386 4391 Atque
408 4306 468 4369 hao
491 4304 526 4368 in
547 4328 581 4370 re
604 4305 707 4392 aptius
723 4305 802 4370 mihi
818 4306 919 4372 visum
936 4306 1080 4394 estprius
1104 4307 1207 4373 dieoro
1231 4308 1269 4372 do
1294 4308 1449 4375 oratio-

172 4412 299 4490 nibuS,
325 4437 389 4477 non
414 4436 475 4498 quo
492 4412 629 4477 diversas
646 4412 690 4478 ihi
713 4419 839 4478 seoutus
862 4414 904 4480 sit
925 4414 1070 4493 rationes,
1089 4416 1144 4480 sed
1160 4417 1244 4502 quod
1267 4417 1375 4504 paullo
1399 4418 1448 4482 di·

172 4520 321 4605 ligentius
345 4519 450 4584 hiatus
466 4519 578 4584 vitavit
601 4519 742 4605 quentin
767 4520 878 4587 ceteris
893 4521 1094 4586 historiarum
1118 4523 1267 4609 partibus
1294 4524 1448 4609 Magnam
