3067 5075
594 232 813 297 κ.η”)7,..

87 428 156 496 enim
177 453 301 518 operam
325 429 359 494 in
381 428 444 494 illis
468 428 690 516 componendis
714 453 786 494 eum
809 429 977 495 collocasse
1004 427 1037 496 iu
1065 428 1167 517 priore
1199 431 1230 497 h.
1261 430 1332 499 diss.

86 545 159 625 parte
180 537 319 624 exposui.
367 536 577 602 Inveniuntur
600 544 704 601 autem
728 535 760 599 in
785 535 928 623 Appiani
962 535 1049 601 libris
1082 538 1136 622 qui
1169 547 1337 627 supersunt

86 645 189 711 XLVI
210 643 376 730 ampliores
404 642 567 721 orationes,
603 666 682 729 qnae
713 665 813 729 paene
843 649 969 708 centum
991 642 1176 729 paginarum
1199 644 1337 731 spatium

85 752 216 817 editionis
247 750 521 817 Mendelssohniae
550 752 809 838 complectuntur.
868 750 958 834 Quae
991 757 1153 838 praeterea
1180 751 1337 817 breviores

85 860 225 925 orationes
247 866 302 924 aut
337 859 601 945 apophthegmata
624 857 795 922 narrationi
835 856 952 923 inserta
986 857 1194 946 reperiuntur,
1225 857 1339 945 viginti

85 966 200 1052 paginas
223 965 324 1031 obiter
347 965 542 1052 computanti
566 965 703 1051 explent.
751 965 838 1050 Ergo
861 964 1013 1029 habemus
1030 964 1130 1030 CXX
1152 966 1337 1053 paginarum

84 1072 224 1137 orationes
248 1073 370 1160 quibus,
396 1096 466 1137 cnm
489 1071 604 1158 scripta
626 1069 767 1158 Appiani
794 1071 878 1135 1189
900 1094 972 1158 pgg.
998 1072 1046 1137 ed.
1064 1072 1095 1136 11
1101 1071 1172 1137 end.
1203 1071 1338 1138 contine·

86 1187 139 1256 ant,
161 1179 283 1246 decima
305 1202 375 1265 pars
398 1177 493 1243 totius
516 1176 619 1264 operis
643 1177 827 1263 completur.

177 1287 219 1352 In
241 1285 291 1350 his
324 1285 419 1371 igitur
446 1283 638 1349 orationibus
672 1290 795 1372 praeter
829 1306 881 1349 eos
910 1282 1014 1350 hiatus
1048 1283 1103 1370 qui
1136 1290 1207 1372 post
1239 1316 1258 1353 κ
1271 1315 1292 1354 α
1306 1300 1338 1364 ί,

84 1393 117 1480 ή,
149 1402 209 1464 εἰ.
258 1391 333 1481 (δή),
372 1395 448 1479 μή,
489 1405 551 1469 τί,
591 1390 684 1468 ὅτι,
726 1391 854 1481 ύὶρτι,
894 1404 1007 1483 περί
1040 1399 1134 1477 atque
1162 1392 1341 1458 articuli

83 1500 304 1588 (praepositivi)
350 1498 449 1563 sarias
490 1496 605 1562 formas
643 1496 736 1563 etiam
770 1521 789 1561 a
824 1497 1038 1563 Demosthene
1069 1497 1198 1564 admissi
1230 1501 1340 1580 aaut),

83 1607 177 1673 hiatus
204 1605 384 1693 quindecim
413 1603 616 1669 inveniuntur
644 1611 713 1690 post
742 1603 868 1668 articuli
897 1603 1095 1692 postpositivi
1121 1603 1235 1671 forulus
1267 1605 1341 1694 ttl)

83 1713 381 1803 ἅ(1Χ)ἥ(1)οἵ(Ι);
407 1712 425 1780 ὃ
448 1713 512 1795 e’yoi
535 1712 610 1790 484,
625 1713 666 1776 25
689 1711 711 1799 ή
733 1714 765 1791 ἐς
789 1713 891 1779 πόσον
918 1712 1078 1786 1031119.
1103 1718 1150 1779 οἳ
1165 1714 1199 1793 ἒς
1220 1713 1296 1791 433,
1310 1714 1339 1778 8.

83 1821 104 1888 οἵ
129 1830 200 1887 ante
231 1844 334 1907 augin.
370 1820 440 1905 syll.
473 1819 612 1896 817,18.
638 1819 778 1895 820,12.
804 1819 944 1895 89421.
972 1819 1066 1893 1094,
1080 1819 1133 1884 20.
1158 1857 1200 1866 -·
1224 1822 1344 1899 ἐκεῖνος

85 1929 150 2007 740,
164 1931 214 1994 20.
242 1966 282 1974 --
307 1929 430 2013 ἔχομεν,
456 1928 545 2013 ἔχετε
568 1927 642 2000 265,
658 1927 706 1990 16.
733 1926 806 1999 275,
824 1926 850 1989 1.
869 1964 909 1972 -
927 1928 1122 2012 αἰσχύνομαι
1145 1927 1220 2004 302,
1235 1928 1287 1991 21.
1300 1965 1344 1973 -

83 2038 223 2123 εἰλήφασι
246 2034 321 2111 818,
338 2034 386 2096 12.
413 2034 485 2107 825,
502 2034 551 2096 12.
566 2072 607 2080 —
619 2036 708 2118 ὑμεῖς
732 2033 805 2108 893,
820 2033 871 2096 21.
883 2070 926 2078 -
938 2031 1003 2097 Sed
1026 2031 1107 2120 ὅπερ
1130 2032 1192 2120 (V)
1205 2034 1343 2117 43021.

84 2143 151 2220 824,
159 2143 210 2205 24.
225 2142 299 2218 870,
310 2142 358 2204 12.
377 2140 510 2214 87125.
531 2140 623 2216 1095,
637 2140 689 2203 21.
701 2139 787 2226 ὅπερ
798 2138 886 2225 (111)
898 2140 973 2215 451,
984 2139 1035 2202 26,
1051 2140 1199 2217 rotata.
1217 2141 1343 2219 1091,7.

182 2247 309 2314 Deinde
333 2253 405 2312 ante
428 2245 672 2333 praepositiones
694 2249 710 2312 ε’
722 2275 761 2323 ν,
797 2249 861 2326 ἐς,
897 2249 914 2312 ε’
925 2277 944 2314 κ
968 2247 1063 2339 longa
1086 2245 1203 2311 vocalis
1225 2255 1273 2312 ter
1295 2247 1345 2312 ad·

82 2354 172 2422 missa
223 2361 285 2421 est:
340 2354 445 2431 245,1
488 2355 530 2420 τοὶ
570 2361 627 2442 τῆς
658 2355 753 2441 τύχης
794 2357 886 2444 αύτῷ
928 2355 961 2434 ἐς
995 2357 1088 2434 τέλος
1130 2356 1344 2443 ἀπαντήσειν.

82 2465 186 2543 4845
209 2466 262 2532 ε’ν.
278 2517 284 2528 .
301 2459 493 2553 ,Τναομοιχιήι
517 2462 643 2552 τριήρης
665 2463 804 2551 ὑμετέρα
835 2459 972 2541 ε’νεβύλε
1005 2488 1041 2527 τε
1068 2472 1124 2528 καὶ
1153 2472 1345 2529 κατέσεισεν.

84 2572 152 2649 728,
166 2572 209 2636 24
232 2578 392 2659 Πετρηίου
415 2572 451 2638 εἰι
474 2576 541 2638 τῶν
564 2572 652 2656 ἐμῶν
674 2570 774 2650 τούς..
790 2623 818 2634 ..

185 2678 271 2744 Ante
294 2677 349 2745 ἄν
371 2683 419 2740 ter
440 2684 542 2742 exstat
567 2676 672 2742 hiatus
687 2675 865 2763 (praeterii
887 2676 932 2744 ἄν
945 2714 987 2730 =
1000 2676 1044 2744 ἅν
1068 2677 1142 2753 288,
1159 2675 1187 2740 7.
1211 2676 1288 2753 410,
1304 2673 1345 2762 7).

83 2785 210 2860 23814
245 2787 299 2872 ἀφ’
333 2778 374 2853 ού
400 2783 503 2853 ἄν...
540 2782 589 2870 (of.
625 2783 717 2848 Dem.
750 2785 834 2861 16,9
867 2782 931 2873 ὅσῳ
954 2784 1009 2865 ἄν)
1034 2784 1141 2862 855,3
1174 2785 1268 2873 maed
1292 2791 1349 2851 σοῦ

82 2892 137 2961 ἄν.
153 2947 182 2960 ..
213 2894 342 2962 87218
367 2896 479 2963 δοῦναι
502 2892 545 2961 ἄν
568 2889 622 2976 (cf.
649 2890 745 2956 Arist.
770 2890 901 2976 Lysistr.
926 2893 988 2956 116
1012 2890 1159 2976 tonate).

186 2999 224 3066 Si
245 3023 388 3087 pansa
420 2998 597 3066 intercedit·
619 2998 700 3063 inter
735 2998 813 3062 duas
846 2999 978 3076 vocales,
1009 2997 1114 3063 hiatus
1141 3020 1205 3061 non
1228 2995 1345 3063 exist't.

83 3105 183 3173 Pausa
214 3114 321 3173 autem
353 3109 437 3172 valet
469 3108 563 3173 etiam
598 3112 670 3171 ante
702 3128 810 3192 pron.
844 3103 1008 3188 relat.²)
1053 3106 1127 3181 238,
1143 3104 1171 3170 7.
1207 3105 1348 3180 41014.

84 3216 221 3293 501,18.
247 3216 371 3300 822,4;
395 3222 468 3280 ante
491 3211 779 3301 parenthesin:
805 3214 878 3290 818,
893 3216 935 3278 20
959 3214 1065 3282 οὐδενὶ
1088 3215 1198 3304 τρόπῳ
1222 3210 1270 3295 (οὐ
1287 3213 1351 3303 yolo

84 3321 305 3406 docos...)³);
344 3321 640 3390 ἱο1ο1ούτε-
669 3319 779 3388 οὔτε
817 3321 946 3398 821,19
977 3320 1132 3389 otte...
1166 3321 1203 3387 ἐν
1238 3320 1352 3386 ἄστει

85 3432 237 3510 ούτε...;
262 3438 334 3494 ante
357 3428 409 3493 vel
431 3434 501 3514 post
523 3426 833 3516 participium
868 3425 1188 3492 coniunctum:
1218 3427 1351 3504 453,23

85 3539 297 3615 βλάπτεσθαι
331 3534 523 3623 ΝικομήδηΙ
556 3535 671 3626 οἵαπερ
702 3529 805 3604 αύτόν
835 3536 1056 3620 ἀδικούμενον.
1112 3534 1220 3612 737,4
1243 3546 1299 3602 καὶ
1323 3541 1356 3602 εἴ

86 3671 130 3723 τις
153 3643 219 3709 ἔστι
241 3671 333 3728 μοι..
350 3643 441 3729 ,τύχη
462 3642 466 3729 l
486 3644 634 3731 ἀηττήτῳ
649 3652 742 3733 μέχρι
766 3650 826 3711 νύν
840 3653 1007 3730 γενομένῳ.
1033 3638 1187 3707 Similiter
1210 3640 1351 3716 85216.

87 3749 158 3823 875,
172 3752 203 3813 5.
218 3749 292 3826 857,
306 3749 335 3812 3.
353 3749 427 3826 922,
445 3750 471 3811 1.
486 3748 539 3812 Ad
551 3753 778 3834 parentheseon
792 3769 891 3834 genus
903 3747 1132 3833 quodammodo
1145 3746 1173 3834 ⁴)
1190 3745 1354 3812 referenda

193 3908 214 3975 ¹)
233 3910 338 3979 Quibus
357 3925 410 3963 non
428 3924 489 3962 raro
508 3909 639 3963 accedunt
657 3908 705 3962 alii
730 3917 793 3978 post
817 3929 836 3958 -c
861 3916 890 3964 et
916 3927 939 3958 -c
963 3908 1054 3963 hiatus
1073 3909 1160 3973 (velut
1178 3906 1216 3957 ἑνὶ
1234 3904 1353 3976 ἄρχοντι,

86 4002 202 4051 αἰτοῦντι
221 4000 324 4068 ἔδομεν,
343 3995 374 4048 ού
393 3994 459 4048 πολύ
479 3993 593 4065 ὕστερον,
612 3991 683 4048 πάνυ
702 3999 825 4067 αἰσχρῶς,
844 3995 908 4048 doro
927 3993 1104 4066 clamatorem,
1125 3996 1193 4064 alil).
1222 3996 1353 4066 Singulos

88 4090 160 4146 locos
177 4104 325 4158 congerere
345 4087 443 4143 inutile
461 4093 514 4142 est.

195 4175 215 4241 Ξ1
236 4178 278 4233 Dc
297 4177 443 4233 Plutarcho
462 4177 496 4231 cf.
516 4175 639 4231 Sintenis
657 4178 710 4231 vol.
732 4176 773 4231 IV
783 4179 844 4232 330.

196 4266 217 4334 ³)
237 4267 360 4322 Sintenis
379 4266 419 4320 IV
433 4268 493 4321 334.
516 4293 545 4302 -
567 4265 598 4320 ln
617 4267 674 4321 cod.
694 4266 719 4319 V
739 4266 914 4335 transpositis
933 4265 1022 4320 verbis
1040 4265 1132 4320 hiatus
1150 4266 1236 4332 abest,
1257 4266 1356 4320 sedda

87 4357 265 4413 collocatione
290 4357 432 4411 verborum
457 4356 514 4410 eod.
539 4354 712 4410 Vmiuorem
741 4355 932 4410 auctoritatem
959 4354 1050 4408 habet.
1081 4353 1240 4423 Quanquam
1267 4356 1356 4413 21111

89 4446 155 4519 ύμῖν
172 4444 243 4498 εἶναι
261 4462 310 4515 pro
329 4442 398 4497 εἶναι
418 4441 482 4514 ύμῖν
500 4445 603 4512 optimo
623 4444 680 4499 iure
700 4443 791 4499 Mend-
814 4461 861 4498 »ex
882 4443 906 4496 V
925 4443 1072 4512 reposuit«

196 4533 218 4603 ⁴)
236 4536 297 4591 Etsi
316 4547 390 4591 certa
408 4550 493 4602 pausa
510 4549 563 4587 non
582 4535 663 4587 valet.
682 4532 725 4587 01.
746 4533 889 4588 Rehdautz
909 4531 971 4590 Ind.
990 4531 1070 4587 Dem.
1090 4549 1112 4586 s.
1131 4548 1156 4586 r.
1177 4528 1309 4599 ύποηορά.

935 4628 952 4676 8
