3067 5075
686 317 721 330 ..
766 277 897 345 32...

155 492 215 560 sibi
237 479 357 579 utique*
370 491 473 559 licere.
498 487 593 576 Quod
616 490 754 579 profacto
778 490 947 557 absurdum
971 497 1060 570 esset,
1084 491 1233 577 quoniam
1256 490 1339 557 uulli
1361 516 1422 557 om-

155 599 229 665 nino
252 600 357 668 hiatus
380 598 550 686 excogitari
573 605 712 686 possunt,
737 598 869 685 quinia
893 596 974 662 illud
998 598 1145 663 classium
1172 600 1299 664 schema
1330 598 1422 664 facile

155 706 391 774 distribuantur.
438 706 543 772 Multa
565 712 669 772 autem
693 706 874 772 testimonia
897 705 991 771 attuli
1015 707 1129 792 quibus
1151 707 1336 793 probaretur
1359 707 1423 792 Ap·

154 814 283 901 pianum
297 814 402 880 hiatus
425 814 551 879 omnino
567 812 666 879 vitare
682 814 839 880 studuisse
861 837 923 878 non
948 814 1051 879 salum
1073 813 1240 899 graviores,
1257 813 1423 878 sedetiam

154 920 286 987 leviores
309 922 396 987 velut
419 928 491 987 ante
514 920 776 1008 praepositionem
799 924 863 989 ἐπί.
896 922 1005 1007 Atque
1028 920 1131 1008 ipsum
1153 920 1235 985 illud
1258 920 1342 1007 quod
1366 919 1421 986 fre·
1459 957 1462 962 ⁴

155 1027 358 1114 quentissima
381 1027 438 1093 illa
460 1025 648 1115 praepositio
672 1051 735 1091 non
758 1029 830 1115 plus
842 1026 938 1092 vicies
961 1027 994 1091 in
1018 1028 1088 1114 plus
1112 1027 1199 1091 mille
1222 1034 1421 1114 centumpa-

154 1134 236 1222 ginis
259 1143 329 1222 post
351 1137 477 1220 longam
500 1137 641 1218 vocalem
664 1134 809 1213 occurrit,
834 1133 901 1199 cius
924 1133 970 1198 rei
1001 1134 1223 1199 documentum
1254 1140 1309 1198 est.
1357 1135 1421 1198 Sed

155 1265 216 1328 quo
241 1245 431 1308 constantior
454 1242 487 1307 in
509 1241 599 1309 hiatu
622 1241 750 1308 vitando
775 1239 941 1328 Appianas
964 1240 1033 1318 fuit,
1058 1241 1086 1305 si
1108 1241 1201 1306 facile
1223 1247 1354 1329 poterat,
1384 1266 1420 1306 eo

154 1349 422 1435 neglegentiorem
445 1373 477 1415 se
500 1349 652 1437 praebuit,
678 1348 705 1414 si
727 1349 835 1436 paullo
858 1347 990 1413 maiores
1014 1347 1217 1413 difficultates
1249 1356 1419 1414 orerentur.
1496 1421 1518 1444 .

155 1453 245 1539 Quae
267 1455 476 1522 inconstantia
498 1455 542 1521 sic
564 1455 643 1521 mihi
666 1455 791 1520 videtur
813 1478 880 1520 esse
903 1453 1090 1542 explicanda
1112 1463 1148 1519 ut
1170 1454 1320 1520 ⁴dicamus
1348 1479 1417 1520 euni

155 1560 181 1627 si
203 1562 285 1627 inter
307 1562 506 1628 scribendum
528 1563 682 1649 prioribus
712 1561 845 1627 alicuius
879 1561 1034 1628 enuntiati
1064 1562 1165 1627 verbis
1195 1561 1258 1626 iarn
1286 1562 1421 1627 exaratis

155 1668 283 1734 sentiret
306 1692 435 1756 pergere
458 1692 491 1734 se
514 1693 577 1734 non
599 1692 688 1757 posse
712 1668 788 1755 quin
811 1676 937 1755 propter
960 1669 1177 1735 necessitatem
1194 1679 1296 1734 certae
1320 1668 1419 1733 cuins-

154 1776 227 1840 dam
258 1783 432 1841 structurae
462 1775 585 1842 hiatum
619 1774 807 1854 admitteret,
838 1799 902 1839 non
932 1776 1085 1842 delevisse
1116 1775 1220 1863 priora
1252 1779 1355 1854 rerba,
1385 1784 1421 1840 nt

154 1888 256 1948 totum
278 1883 475 1949 enuntiatum
500 1871 687 1969 diffingeret,
705 1883 760 1947 sed
783 1905 835 1948 cos
850 1882 955 1949 hiatus
978 1882 1139 1949 admisisse
1163 1907 1240 1970 quos
1262 1884 1324 1948 iarn
1357 1909 1420 1948 uon

75 2033 79 2039 .
153 1995 258 2077 posset
279 1988 372 2055 facile
395 1988 503 2054 vitare.
521 1989 547 2078 ¹)

260 2096 406 2163 Severius
430 2098 469 2162 de
492 2096 679 2162 coniecturis
700 2096 906 2162 iudicandum
929 2120 995 2162 esse
1026 2096 1210 2174 existimavi,
1242 2121 1420 2184 quanquam

153 2204 289 2269 multum
312 2205 427 2282 aberat,
453 2203 580 2268 ntideo
605 2204 688 2289 quod
711 2202 817 2289 aliqua
840 2203 1019 2269 coniectura
1051 2204 1156 2269 hiatus
1188 2204 1221 2269 in
1255 2205 1419 2270 verborum

154 2317 335 2377 contextum
368 2311 588 2390 inculcaretur,
617 2310 724 2376 statim
759 2335 828 2375 earn
861 2309 1026 2376 arcendam
1061 2334 1128 2376 esse
1162 2311 1307 2376 dicerem.
1355 2311 1419 2377 Sed

153 2441 276 2507 semper
298 2417 450 2506 quaesivi,
471 2442 547 2482 num
570 2417 638 2505 ipsa
661 2416 840 2482 coniectura
862 2417 1037 2482 necessaria
1058 2425 1147 2497 esset,
1174 2417 1257 2505 qnod
1280 2417 1420 2505 saepissi-

153 2551 204 2595 me
228 2524 415 2593 testimoniis
438 2550 477 2592 ex
501 2524 642 2613 Appiani
665 2523 753 2590 libris
776 2532 831 2591 aut
854 2524 923 2590 aliis
946 2524 1052 2614 petitis
1076 2526 1255 2612 negandum
1278 2549 1345 2591 esse
1368 2524 1419 2589 de·

154 2632 342 2713 monstravi,
367 2632 392 2698 si
415 2638 520 2698 autem
544 2632 721 2720 corruptela
744 2631 940 2717 agnoscenda
963 2638 1037 2706 erat,
1063 2655 1139 2696 num
1162 2631 1229 2697 sine
1252 2632 1356 2697 hiatus
1379 2630 1422 2695 vi·
1443 2676 1447 2683 -

92 2735 94 2739 ’
155 2739 199 2805 tio
222 2739 325 2806 sanari
348 2747 460 2827 posset.
508 2740 621 2825 Itaque
644 2740 725 2803 banc
747 2738 850 2824 legem
874 2737 934 2804 arti
957 2738 1082 2803 criticae
1105 2738 1138 2802 in
1161 2737 1303 2826 Appiani
1332 2737 1422 2803 libris

155 2846 345 2912 exercendae
363 2844 612 2910 constituendam
625 2866 692 2909 esse
703 2830 844 2923 arbitror,
859 2849 895 2909 ut
909 2844 991 2909 inter
1003 2843 1146 2909 codicum
1158 2844 1307 2909 lectiones
1320 2843 1422 2930 pretio

154 2977 244 3042 pares
268 2977 324 3019 eae
348 2951 504 3039 eligentur
526 2974 606 3037 quaa
629 2950 719 3016 hiatu
742 2956 884 3029 careant;
915 2956 951 3015 ut
984 2951 1014 3015 ei
1045 2950 1149 3016 hiatus
1181 2950 1236 3037 qui
1269 2973 1422 3016 consensu

155 3060 307 3127 librorum
329 3058 437 3126 traditi
460 3066 543 3143 sunt,
568 3058 629 3124 nisi
650 3058 727 3124 alias
751 3059 790 3123 ob
814 3081 922 3123 causas
945 3058 1146 3145 suspectandi
1168 3065 1250 3135 sunt,
1286 3059 1423 3123 toleren-

154 3174 206 3234 tur
228 3166 366 3255 exceptis
389 3167 434 3231 eis
457 3166 512 3253 qui
534 3165 620 3231 facili
643 3165 815 3231 mutatione
839 3165 910 3231 tolli
932 3167 1062 3253 possint,
1087 3171 1122 3230 ut
1144 3164 1343 3230 librariorum
1375 3165 1422 3230 in·

156 3275 242 3341 curia
264 3273 345 3354 orti;
370 3280 406 3338 ut
428 3273 633 3352 coniecturae,
657 3274 684 3338 si
706 3272 899 3338 necessariae
930 3279 1013 3351 sunt,
1044 3273 1147 3358 quoad
1170 3272 1237 3338 eius
1268 3271 1337 3336 fieri
1369 3296 1421 3358 po·

155 3387 226 3462 test,
249 3381 340 3447 hiatu
362 3380 469 3468 privas
491 3387 712 3467 proponantur.

260 3489 310 3553 Ad
332 3487 430 3575 ipsius
453 3493 559 3553 autem
574 3486 717 3574 Appiani
732 3485 890 3574 sophistae
905 3486 1044 3551 indolem
1067 3492 1161 3572 atque
1185 3492 1282 3552 artem
1305 3485 1423 3551 rectius

156 3594 381 3662 aestimandam
405 3599 437 3661 et
458 3593 614 3660 Herodoti
637 3593 782 3659 imitandi
816 3601 848 3659 et
881 3594 985 3660 hiatus
1014 3593 1135 3659 vitandi
1157 3592 1260 3658 studio
1284 3616 1421 3680 compro·

155 3701 263 3790 bat02)
285 3725 361 3766 unm
383 3700 503 3787 aliquid
527 3699 723 3779 contulerim,
747 3722 842 3787 penes
874 3699 951 3767 alios
984 3698 1137 3765 iudicium
1168 3706 1242 3766 esto.
1322 3758 1327 3763 .

264 3897 284 3968 ¹)
303 3898 366 3969 Qua
393 3914 422 3953 re
441 3914 567 3954 concessa
591 3899 688 3966 saquis
706 3905 787 3967 putet
804 3898 884 3953 simul
904 3898 991 3954 everti
1009 3905 1096 3953 totam
1115 3898 1187 3953 illam
1206 3898 1298 3953 hiatus
1316 3897 1425 3954 vitandi

156 3991 253 4059 legem,
274 3989 356 4043 liceat
379 3987 446 4042 mihi
470 4003 615 4057 provocare
633 3987 666 4041 ad
694 3987 776 4041 verba
794 3986 924 4041 Guilelmi
943 3986 1066 4043 Scherer.
1089 3986 1136 4055 qni
1165 3988 1193 4042 in
1217 3988 1422 4042 commentatio·
1463 3975 1466 3982 ¹

156 4079 236 4134 nibus
250 4076 472 4132 Mommsenianis
491 4085 632 4146 postquam
651 4092 716 4144 pgg.
736 4079 786 4127 213
807 4092 864 4142 sqq.
878 4076 1030 4144 disputavit
1046 4069 1134 4130 »Uber
1146 4078 1197 4130 den
1212 4077 1313 4131 Hiatus
1332 4076 1423 4131 iader

156 4182 272 4223 neueren
291 4165 437 4221 deutschen
456 4165 559 4220 blctrik
581 4185 602 4224 ‹,
625 4182 669 4234 pg.
690 4168 740 4219 225
761 4167 825 4220 haec
844 4166 930 4220 dixit:
954 4166 1007 4220 »Es
1026 4167 1102 4235 aeigt
1117 4165 1176 4220 'sich
1195 4165 1263 4232 bier,
1285 4183 1340 4220 was
1359 4184 1424 4221 man

156 4258 219 4312 dart
243 4268 290 4324 (sc.
319 4255 346 4309 iu
374 4262 497 4310 veterum
523 4256 676 4324 linguarum
702 4254 861 4323 philologia)
886 4256 1019 4309 auweilen
1038 4254 1164 4324 vergisst
1187 4256 1248 4309 dass
1267 4255 1311 4309 ein
1330 4255 1424 4310 Actor

156 4345 263 4415 Regeln
280 4345 452 4400 ancrlrenneu
470 4359 541 4413 mag,
563 4344 631 4398 ohne
649 4345 689 4398 sie
707 4345 811 4398 tiberall
829 4361 864 4398 zu
883 4344 1018 4413 befulgen.
1032 4388 1036 4397 .
1049 4365 1077 4397 .«

262 4448 285 4516 ²)
303 4450 431 4519 Plsgnlas
449 4468 508 4506 cum
527 4451 613 4505 denuo
632 4451 806 4520 perlegerem,
828 4452 893 4506 haec
910 4452 1007 4506 menda
1025 4458 1133 4520 typogr.
1163 4451 1270 4505 inveni:
1301 4450 1331 4506 P.
1357 4453 1383 4519 7,
1396 4455 1423 4509 5.

158 4542 237 4611 9,81.
258 4543 328 4610 16,2
347 4541 382 4596 al.
400 4541 475 4610 legas
494 4541 520 4609 ἔς
540 4543 585 4608 25,
597 4541 630 4591 85
649 4536 717 4599 sidu
737 4542 804 4608 50,8
823 4541 911 4609 locos3
932 4541 1004 4606 52,ss
1030 4547 1107 4608 ante3
1128 4542 1217 4608 59,'22
1236 4540 1420 4596 retinendum.
